1332 2150
71 94 90 108 ι.
103 87 151 108 Chr.
161 91 183 106 n.
197 85 241 106 212.

403 76 495 102 LIBER
513 75 588 102 XXV.
625 75 695 101 GAP.
714 77 754 101 35.
775 76 816 101 36.

1081 71 1141 102 197

72 162 184 195 tuisse?
200 172 258 202 quo
275 162 361 192 modo
378 167 473 192 autem
491 171 550 192 non
567 161 713 191 obstitisse
729 166 777 190 aut
789 161 825 190 ab
842 166 923 200 tergo
940 165 1073 190 secutum
1087 160 1143 190 sra-
1158 164 1173 189 6

72 212 163 241 trem,
185 210 232 240 ut,
255 205 278 234 si
296 205 450 244 prohibere
462 228 469 239 ,
492 214 550 244 quo
566 204 663 233 minus
678 203 708 233 in
725 212 818 233 unum
836 204 949 233 coirent
966 208 993 233 et
1011 203 1099 232 duces
1115 207 1144 232 et

71 247 214 279 exercitus
231 248 368 283 hostium,
386 257 445 277 uon
462 251 569 287 posset,
586 247 647 286 ipse
664 250 742 276 certe
758 255 825 275 cum
842 246 932 275 fratre
949 245 1142 284 coniungeret

70 289 193 330 copias?
214 290 260 320 his
283 291 386 319 anxius
402 290 480 320 curis
497 290 522 319 id
539 289 626 318 modo
643 298 704 318 esse
727 288 853 318 salutare
870 288 898 317 in
924 298 1064 328 praesens
1081 297 1144 318 cre·
1159 293 1172 317 7

70 333 166 368 debat,
179 333 281 362 cedere
295 332 371 368 inde,
389 336 529 371 quantum
544 335 655 371 posset3
678 335 705 360 et
718 340 775 360 una
789 335 875 360 nocte
888 331 1000 369 ignaris,
1010 330 1143 360 hostibus

70 381 98 405 et
115 375 151 405 ob
168 375 196 404 id
213 375 318 414 quietis
333 375 514 413 aliquantum
538 382 674 404 emensus
690 379 734 403 est
756 373 820 403 iter.
851 373 916 402 luce
938 378 968 402 ut
986 378 1143 402 senserunt
1159 378 1173 402 8

69 418 229 458 profectos,
239 417 338 446 hostes
351 417 518 456 praemissis
529 416 662 446 Numidis
674 425 759 454 quam
773 420 907 455 poterant
920 415 1043 445 maxime
1056 415 1142 445 citato

69 460 184 499 agmine
201 459 283 498 sequi
299 465 472 498 coeperunt.
502 464 570 488 ante
584 463 698 488 noctem
710 459 839 488 adsecuti
852 458 993 488 Numidae
1011 467 1090 487 nunc
1106 457 1141 487 ab

69 507 168 540 tergo,
186 511 266 531 nunc
282 502 311 531 in
329 501 417 531 latera
434 502 619 531 incursantes
634 501 793 530 consistere
818 505 979 539 coegerunt
1000 510 1033 530 ac
1056 501 1143 530 tutari

68 553 188 583 agmen3
206 549 348 582 quantum
365 549 484 583 possent
501 548 596 573 tamen
613 547 687 579 tuto,
703 549 735 572 ut
752 543 837 573 simul
855 549 1022 582 pugnarent
1038 552 1142 582 proce·
1158 548 1173 572 9

67 587 240 625 derentque,
259 586 358 625 Scipio
375 586 560 621 hortabatur,
583 586 752 624 priusquam
771 586 919 625 pedestres
942 586 1044 625 copiae
1059 586 1142 615 adse-

67 633 237 668 querentur.
269 633 397 658 ceterum
415 638 494 658 nunc
509 628 637 667 agendo,
662 637 741 657 nunc
762 628 934 657 sustinendo
951 637 1055 666 agmen
1075 637 1142 657 curn
1157 630 1195 657 36

66 671 243 710 aliquamdiu
260 670 335 700 haud
352 670 475 700 multum
495 671 702 710 procederetur
719 675 747 699 et
764 680 820 700 nox
839 670 895 700 iam
912 670 1043 706 instaret,
1060 679 1143 700 revo-
1159 675 1174 699 2

67 718 112 744 cat
131 723 144 743 e
163 713 275 753 proelio
298 722 367 743 suos
384 713 483 752 Scipio
501 718 529 742 et
545 713 695 742 conlectos
711 712 740 742 in
758 712 902 742 tumulum
920 713 1065 752 quendam
1082 722 1142 742 non

67 756 184 795 quidem
198 755 266 785 satis
278 760 382 791 tutum,
400 755 571 794 praesertim
587 755 695 793 agmini
710 755 854 794 perculso,
871 755 1022 785 editiorem
1035 760 1143 791 tamen,

67 808 154 837 quam
177 803 271 827 cetera
290 798 366 827 circa
390 803 486 833 erant,
508 798 655 827 subducit.
687 797 725 827 ibi
750 798 844 837 primo
873 798 1090 837 impedimentis
1113 803 1142 827 et
1157 803 1172 826 3

67 841 196 880 equitatu
218 841 246 869 in
270 840 397 870 medium
421 841 546 879 receptis
569 840 739 870 circumdati
757 840 868 879 pedites
891 841 967 870 haud
988 840 1144 870 difficulter

102 926 125 950 6.
153 931 204 955 quo
223 923 300 948 modo
320 926 407 947 aulem
427 931 479 947 non
500 924 577 947 obsti-

68 959 144 982 tisse.
156 959 172 987 .]
197 960 302 987 aulem,
322 957 369 982 wie
388 957 425 981 oft
444 957 468 982 in
489 957 576 989 pathe-

67 991 164 1016 tischen
184 991 292 1023 Fragem
321 991 372 1023 vgl.
396 993 433 1020 16.
457 992 492 1016 iS.
529 991 577 1016 Der

67 1032 146 1058 ganze
156 1024 289 1049 Ausdruck
309 1024 389 1050 hiesse
409 1025 576 1057 vollstandig:

66 1067 117 1091 quo
137 1059 213 1083 modo
232 1059 294 1088 fieri
309 1061 427 1091 potuisse
445 1059 505 1089 (wie
521 1060 576 1090 §5;

67 1094 108 1124 26,
127 1094 150 1123 3,
169 1094 209 1124 3),
237 1095 265 1117 ut
289 1100 342 1116 non
368 1093 506 1117 obsisteret
530 1096 577 1116 aul

67 1124 188 1157 (=‘oder
202 1124 375 1159 wenigstens'i
388 1147 393 1152 .
406 1146 412 1152 .
423 1129 578 1158 sequeretur-

67 1161 154 1190 [ναῖεν
173 1160 249 1192 (denn
274 1168 304 1185 zu
327 1163 444 1185 seculum
468 1161 500 1185 ist
524 1169 578 1185 esse

67 1202 98 1220 zu
117 1195 260 1227 erganzen).
274 1209 307 1212 —
326 1202 376 1226 quo
397 1196 493 1225 minus]
513 1194 577 1219 nach

66 1229 208 1261 prohibere
222 1235 268 1253 nur
281 1228 334 1253 hier
347 1228 386 1253 bei
397 1229 462 1257 Liv.;
483 1228 576 1254 ebenso

68 1262 110 1287 hat
128 1262 180 1287 Liv.
200 1270 253 1286 non
271 1263 427 1294 prohibere,
447 1264 511 1294 quin
532 1270 577 1287 nur

68 1297 198 1328 26‚40,4;
218 1296 283 1321 efter
302 1296 416 1329 dagegen
433 1297 577 1329 prohibere

68 1338 110 1358 νιος
135 1337 155 1355 s.
174 1338 204 1355 zu
224 1332 264 1359 24,
284 1332 324 1361 43,
344 1333 374 1359 4;
399 1335 471 1355 sonst
490 1331 578 1355 immet

67 1363 113 1389 lus.
132 1363 192 1389 oder
204 1365 264 1389 Ace.
277 1372 298 1390 c.
313 1364 368 1392 inf.;
389 1364 439 1397 vgl.
460 1366 483 1395 3,
497 1366 537 1396 28,
552 1366 575 1389 7.

68 1412 100 1416 --
114 1399 141 1422 in
160 1399 252 1428 unum]
273 1398 315 1423 hat
328 1398 413 1424 Livius
434 1397 518 1430 hfiufig
538 1399 577 1423 bei

69 1433 152 1463 coire,
172 1432 297 1463 colligere
317 1441 340 1458 u.
360 1440 381 1457 a.
402 1432 447 1457 mit
468 1440 516 1456 con
535 1440 577 1457 zu-

68 1469 310 1498 sammengesetzten
332 1466 444 1495 Verben;
463 1474 483 1492 s.
498 1468 538 1497 32,
549 1468 576 1495 2;

69 1507 98 1524 zu
117 1500 140 1530 2,
159 1501 199 1531 32,
218 1502 242 1525 9.

103 1535 125 1559 7.
145 1536 245 1558 anxius
264 1536 344 1564 cut-is]
364 1534 416 1566 vgl.
436 1542 466 1558 zu
486 1535 525 1564 40,
540 1535 577 1559 11.

69 1581 101 1585 —
113 1567 150 1598 id]
165 1568 237 1593 weist
251 1576 296 1592 nui·
309 1568 353 1592 aus
364 1568 455 1592 cedere
469 1567 510 1592 hin
527 1567 578 1592 und

69 1601 102 1626 ist
117 1604 221 1634 gesetzt,
236 1610 276 1627 um
290 1602 367 1626 modo
382 1602 532 1634 hinzul‘figen
547 1610 578 1627 zu

70 1634 181 1664 konnen:
200 1636 252 1668 vgl.
266 1637 307 1667 23,
321 1638 361 1667 31,
373 1637 401 1661 S:
421 1639 578 1668 utrumque3

71 1669 201 1700 2s,11,7;
221 1671 316 1701 2s,41,
335 1672 364 1699 9;
384 1671 577 1700 34,1·2‚Su.a.

72 1716 104 1720 —
122 1703 391 1735 aliquantum..iter]
413 1704 460 1729 wie
479 1706 519 1735 29,
538 1705 578 1735 35,

75 1737 115 1764 13;
127 1737 165 1766 38,
177 1738 216 1768 27,
226 1740 254 1764 6:
271 1739 440 1771 aliquantum
453 1740 577 1770 spatium.

72 1769 105 1795 So
124 1771 201 1796 sehon
218 1771 311 1798 Sallust
330 1780 374 1797 vor
393 1772 485 1797 Livius.

107 1804 129 1829 S.
157 1804 222 1836 luce]
246 1806 387 1839 Gegensatz
413 1814 462 1831 von
487 1809 576 1835 nocte;

73 1837 109 1862 ott
127 1837 166 1862 bei
184 1838 244 1870 Liv,
263 1848 284 1865 z.
296 1840 323 1865 B.
344 1842 366 1869 S,
381 1842 421 1871 38,
435 1842 465 1872 ὃς
485 1842 525 1871 22,
536 1842 577 1871 24,

73 1873 87 1896 6
107 1879 130 1896 u.
145 1878 166 1897 a.
177 1876 363 1905 —senserunlj
383 1874 468 1899 hierzu
486 1875 519 1899 ist
533 1875 578 1899 Ιιο-

72 1908 122 1930 stes
140 1905 185 1931 das
199 1905 316 1938 Subjekt;
333 1909 481 1941 profectos:
502 1908 576 1934 nami.

630 932 673 947 eos
692 923 742 954 (die
761 923 877 955 Romer),
896 924 979 948 wobei
998 923 1042 949 dei·
1060 924 1141 956 plotz-

629 957 695 982 liche
706 957 823 982 Weehsel
843 958 867 982 in
888 957 932 982 der
944 957 1039 982 Person
1053 965 1084 982 zu
1098 957 1142 982 be-

629 991 720 1016 achten
732 992 764 1016 ist
775 992 877 1022 (vorher
884 1000 1002 1016 emensus
1009 995 1054 1022 esl,
1066 992 1143 1017 naml.

629 1025 736 1057 Scipio);
757 1025 821 1050 auch
840 1033 871 1050 zu
891 1029 1033 1057 coegerunt
1047 1026 1081 1051 ist
1093 1025 1143 1050 Ho-

629 1067 720 1083 manos
742 1059 780 1084 als
803 1058 898 1090 Objekt
922 1067 952 1084 zu
976 1059 1085 1085 denken.
1111 1075 1143 1078 —

629 1093 757 1124 adsecuti]
777 1093 886 1121 absolut.
905 1094 953 1118 wie
972 1095 1012 1125 24,
1032 1095 1074 1125 20,
1093 1095 1117 1119 2.

664 1128 687 1152 n.
708 1126 774 1160 tuto]
793 1140 826 1149 =
838 1124 894 1152 ‘mit
906 1128 1055 1159 Sicherheit,
1074 1128 1141 1153 ohne

629 1161 682 1186 sich
711 1169 741 1185 zu
769 1159 937 1194 exponieren';
967 1162 1057 1194 gehort
1084 1161 1141 1187 dem

629 1195 705 1220 Sinne
720 1195 783 1220 nach
797 1195 933 1228 eigentlich
948 1204 994 1220 nur
1007 1204 1037 1220 zu
1049 1204 1142 1228 proce-

630 1229 735 1258 ἀει-επις
754 1228 837 1254 dieses
851 1230 910 1254 aber
923 1230 956 1254 ist
969 1229 1047 1254 durch
1061 1230 1143 1254 simul

629 1271 657 1288 so
677 1271 726 1295 eng
745 1263 789 1287 mit
808 1267 963 1295 pugnarent
987 1263 1142 1293 verbunden,

629 1297 665 1321 als
690 1305 763 1322 wenn
794 1301 945 1329 pugnantes
966 1298 1144 1330 procederent

630 1334 720 1363 gesagt
739 1332 818 1359 ware:
838 1332 889 1363 vgl.
909 1333 950 1363 22,
970 1334 1009 1363 15,
1027 1334 1050 1357 6.

662 1364 710 1391 36.
738 1367 758 1390 1.
778 1366 892 1397 agendo]
912 1365 967 1390 ΑΜ.
981 1366 1101 1394 modalis;
1121 1374 1141 1391 s.

630 1406 660 1423 zu
674 1401 712 1431 19,
726 1401 769 1428 14;
790 1399 852 1424 iiber
870 1407 964 1431 agmen
981 1408 1060 1432 agere
1079 1408 1098 1425 s.
1110 1408 1140 1425 zu

630 1434 653 1464 6,
673 1434 713 1462 28,
732 1434 756 1458 2.
783 1448 815 1451 -
834 1434 1007 1464 {sustinendo}
1032 1447 1065 1456 =
1086 1442 1141 1458 mo-

630 1467 724 1497 rando,
741 1466 879 1499 ‘anhalten,
899 1468 951 1492 halt
970 1468 1073 1493 macheu
1093 1468 1142 1494 las-

630 1498 886 1533 sen';vgl.31‚24,8;
898 1502 968 1527 Caes.
982 1502 1109 1534 Bc.1,c4,
1121 1505 1142 1527 l.

665 1536 688 1560 2.
707 1539 814 1559 revocat
833 1545 846 1560 e
862 1537 975 1568 proelio]
996 1536 1096 1561 Dichter
1109 1537 1141 1567 (s.

630 1569 706 1601 Verg.
725 1569 752 1594 G.
772 1571 795 1599 4,
815 1571 858 1595 SS:
878 1571 925 1594 ubi
943 1570 1065 1595 ductor-es
1084 1572 1142 1594 acie

630 1605 806 1630 revocaveris)
833 1604 882 1629 und
902 1604 1006 1637 Spatere
1032 1611 1060 1635 (s.
1081 1604 1140 1629 Tac.

630 1637 690 1669 Agr.
714 1638 752 1667 18)
779 1638 860 1663 haben
885 1638 948 1663 auch
969 1638 1016 1663 den
1040 1638 1140 1663 blossen

630 1671 685 1695 Abl.
700 1671 739 1696 bei
758 1680 935 1697 1·evocare.—
955 1680 1007 1697 nou
1024 1672 1138 1704 quidem]

630 1712 650 1730 s.
671 1706 712 1735 35,
731 1707 759 1737 3;
788 1709 849 1731 statt
874 1706 918 1731 des
947 1706 1140 1739 gewohnlichen

630 1746 683 1762 non
702 1739 777 1764 Illum
797 1740 915 1772 quidem,
940 1740 987 1765 wie
1011 1743 1031 1771 1,
1050 1742 1091 1771 29,
1113 1741 1140 1768 1:

630 1774 654 1803 9,
669 1774 764 1806 19,14;
784 1775 824 1804 34,
844 1775 884 1802 32.
903 1776 931 1803 9;
951 1775 1018 1799 Curt.
1039 1776 1062 1805 S,
1081 1776 1105 1805 4,
1125 1775 1140 1799 2

630 1806 680 1831 und
700 1807 736 1832 ost
754 1807 793 1832 bei
813 1807 942 1840 Spateren.
954 1823 986 1826 —
1005 1808 1137 1839 subducit]

630 1848 649 1866 s.
669 1842 692 1871 Ἰ,
712 1843 752 1872 34,
772 1843 798 1870 83
829 1844 869 1874 35,
893 1843 930 1873 18,
950 1844 978 1867 6;
1003 1842 1139 1867 subductis

630 1875 775 1900 ordinibus.

665 1910 687 1933 3.
709 1909 878 1939 circumdati]
899 1917 917 1935 s.
937 1918 967 1934 zu
988 1912 1028 1942 34,
1047 1912 1069 1935 9.
