1332 2150
111 118 130 132 a.
139 110 186 131 chr.
196 117 217 131 u.
227 111 272 131 215.

465 101 557 127 LlBER
575 101 671 126 xxml.
707 100 776 126 CAP.
796 103 819 126 5.
1139 99 1177 128 13

109 189 203 219 aditus
220 197 279 218 non
296 188 398 218 alienis
413 187 500 217 modo
518 187 568 217 sed
584 186 731 216 tutoribus
748 187 843 223 etiam,
862 186 998 216 libidines
1015 195 1114 223 novae,
1131 186 1178 216 in-

109 231 235 261 humana
251 230 417 260 crudelitas.
448 230 545 269 itaque
562 234 661 259 tantus
677 229 773 258 omnis
785 233 881 258 terror
897 229 1049 265 invaserat,
1066 233 1099 258 ut
1114 228 1179 267 qui·
1195 233 1209 258 6

110 273 174 303 dam
199 283 232 303 ex
255 272 402 303 tutoribus
423 277 473 302 aut
494 277 588 302 morte
616 271 779 302 voluntaria
801 276 850 301 aut
872 272 940 309 suga
963 275 1181 310 praeverterent

109 321 220 345 metum
237 315 460 354 suppliciorum.
491 318 550 344 tres
566 324 600 344 ex
616 314 667 351 iis,
683 314 790 352 quibus
813 313 882 343 solis
898 314 994 343 aditus
1010 314 1040 343 in
1062 313 1180 343 domum
1196 319 1209 342 7

109 358 278 388 familiarior
300 362 375 393 erat,
402 357 610 387 Adranodorus
634 361 661 386 et
676 356 824 395 Zoippus,
854 356 953 394 generi
974 355 1130 392 Hieronis,
1153 360 1181 386 et

109 400 221 430 Thraso
237 400 371 439 quidam,
388 400 424 430 de
442 400 505 429 aliis
528 399 644 438 quidem
667 398 756 428 rebus
780 399 856 428 haud
879 407 1058 437 magnopere
1081 398 1180 427 audie-

110 442 232 472 bantur:
250 442 398 472 tendendo
418 447 513 472 autem
537 442 594 471 duo
610 441 644 471 ad
662 440 932 480 Carthaginienses,
953 441 1065 470 Thraso
1082 441 1115 470 ad
1133 449 1181 469 so·
1197 446 1212 470 8

110 485 242 515 cietatem
258 484 428 520 Romanam,
445 485 603 514 certamine
625 493 659 513 ac
674 484 777 513 studiis
799 484 944 513 interdum
966 483 995 512 in
1012 492 1044 512 se
1060 492 1181 512 conver-

111 527 209 557 tebant
231 527 361 557 animum
384 527 594 563 adulescentis,
624 535 689 556 cum
715 526 878 556 coniuratio
903 526 933 555 in
956 526 1071 564 tyranni
1095 529 1212 564 caput9

111 569 183 599 sacta
199 569 347 599 indicatur
370 579 423 608 per
444 568 591 599 Callonem
613 568 776 607 quendam,
799 569 948 607 aequalem
965 568 1136 606 Hieronymi
1153 572 1182 597 et

110 612 166 642 iam
181 612 249 641 inde
265 621 280 641 a
296 621 390 651 puero
404 612 433 641 in
447 612 543 641 onmia
555 611 706 641 familiaria
720 611 782 640 iura
795 611 959 640 adsuetum.
986 610 1073 640 index
1088 619 1181 639 unum
1200 616 1227 640 to

112 663 145 684 ex
162 655 322 684 coniuratis
338 654 540 690 Theodotum,
556 663 571 683 a
588 663 646 692 quo
663 653 726 692 ipse
748 653 910 692 appellatus
933 658 994 682 erat
1005 676 1012 689 ,
1029 652 1182 682 nominare

110 696 221 736 potuit,
250 697 300 735 qui
325 705 509 736 conprensus
534 696 678 735 extemplo
701 696 884 734 traditusque
907 695 1097 725 Adranodoro
1120 699 1182 724 tor-

111 739 245 778 quendus
267 739 302 768 de
324 748 355 769 se
377 740 440 778 ipse
462 738 539 768 haud
567 743 742 768 cunctanter
770 738 864 768 fassus
896 738 1032 767 conscios
1062 737 1181 767 celabat.

111 786 260 820 postremo
283 790 349 810 cum
373 781 511 811 omnibus
527 781 718 810 intolerandis
734 780 890 819 patientiae
907 781 1052 810 humanae
1069 780 1182 810 crucia·
1199 786 1225 809 11

112 823 189 852 tibus
204 823 396 859 laceraretur,
411 824 518 853 victum
535 823 618 852 malis
634 832 665 852 se
681 823 828 852 simulans.
839 823 941 852 avertit
956 822 990 852 ab
1009 822 1136 852 consciis
1152 823 1182 851 in
1200 827 1228 852 12

112 865 244 895 insontes
267 866 423 901 indicium,
445 866 628 895 Thrasonem
651 874 713 895 esse
737 869 886 894 auctorem
902 865 1016 894 consilii
1033 865 1183 901 mentitus,

113 917 168 937 nec
184 907 240 937 nisi
257 912 313 936 tam
337 908 451 946 potenti
473 908 547 937 duce
569 908 695 937 confisos
717 916 779 937 rem
800 912 908 937 tantam
932 916 1055 937 ausuros
1077 907 1184 945 fm'sse,·

112 950 189 979 addit
205 950 361 979 nonnullos
379 950 414 979 ab
437 950 526 979 latere
549 950 682 988 tyranni,
705 959 830 988 quorum
856 950 949 988 capita
971 949 1109 979 vilissima
1125 950 1180 979 fin-
1200 954 1227 979 13

111 1016 161 1048 vgl.
175 1015 225 1040 Cic.
238 1015 269 1040 de
287 1016 346 1048 imp.
360 1015 448 1048 Pomp.
462 1018 491 1042 41
503 1026 507 1040 :
526 1016 621 1045 faciles

112 1050 200 1074 adicus
214 1049 249 1074 ad
261 1057 319 1074 eum
331 1051 506 1081 privatorum.
518 1065 551 1068 -
562 1051 620 1075 tibi-

112 1083 196 1114 dines]
214 1091 234 1108 s.
254 1084 294 1115 21,
314 1085 337 1109 3.

146 1119 169 1143 6.
188 1116 265 1149 suga]
285 1125 305 1142 s.
325 1118 366 1149 26,
386 1119 412 1145 1:
434 1119 455 1149 1,
473 1119 512 1148 54,
532 1119 560 1147 93
580 1120 621 1149 40,

112 1153 136 1182 4,
145 1152 168 1177 8.
179 1165 211 1169 —
226 1154 440 1183 praeverterent.
451 1153 468 1182 .]
481 1152 517 1176 sie
530 1151 620 1177 kamen

111 1185 159 1210 den
177 1185 310 1217 supplicia
328 1185 382 1216 (der
401 1186 547 1217 qualvollen
563 1185 621 1210 Hin-

112 1219 239 1251 richtungi
258 1227 343 1248 zuvor,
362 1219 499 1250 entssohen‚
518 1219 565 1245 ehe
584 1220 620 1245 sie

113 1253 247 1281 eintraten:
257 1253 561 1284 praeverterentbezieht
569 1254 622 1279 sich

112 1287 183 1311 mehr
199 1286 242 1311 aus
254 1286 302 1311 den
315 1286 511 1320 Gesamtbegriff
525 1290 622 1312 metum

113 1320 314 1353 suppliciorum,
325 1320 368 1345 der
378 1321 470 1345 hier=
480 1322 622 1353 supplicia,

113 1362 181 1387 quae
198 1355 348 1379 metuebant
366 1355 405 1380 ist.

148 1391 172 1414 7.
181 1389 295 1418 domum]
302 1390 486 1420 =regiam.—
492 1388 621 1421 Zoippus]

113 1430 134 1447 s.
154 1423 195 1453 26,
215 1423 237 1447 1.

148 1457 171 1481 S.
197 1456 434 1486 tendendo..duo]
462 1463 482 1480 s.
500 1463 532 1480 zu
550 1457 574 1487 4,
594 1457 623 1489 93

113 1497 144 1514 zu
164 1489 375 1514 tendendo..ad
392 1490 446 1521 vgl.
465 1491 489 1518 4,
509 1491 533 1521 9,
552 1491 575 1515 5.
591 1504 625 1508 —

115 1522 215 1556 autem]
243 1524 309 1548 tnhrt
328 1523 391 1548 auch
412 1523 451 1548 bei
470 1524 556 1548 Cicero
575 1524 624 1549 bis-

115 1557 204 1583 weilen
230 1557 279 1582 den
298 1558 438 1590 Gegensatz
462 1565 494 1582 zn
519 1557 624 1589 quidem

114 1592 162 1616 ein.
170 1605 202 1610 -
210 1593 354 1616 certamine
365 1599 397 1616 ac
406 1591 511 1622 studiis]
519 1590 525 1598 ‘
532 1591 625 1617 Partei—

115 1623 194 1651 eiser'.

149 1661 173 1685 9.
193 1661 220 1683 iu
233 1659 414 1690 ..adsuetum]
437 1667 456 1684 s.
475 1661 517 1691 21,
536 1661 576 1691 33,
595 1661 625 1689 4;

115 1693 166 1726 vgl.
186 1693 251 1718 Flor.
270 1695 293 1724 2,
311 1694 342 1718 32
360 1695 392 1724 (1,
406 1695 454 1724 12),
469 1696 515 1719 43:
535 1694 626 1718 Arme-

115 1729 189 1752 nios.
204 1747 209 1752 .
221 1729 247 1751 in
267 1727 316 1752 hoc
334 1735 416 1752 unum
429 1729 564 1752 servitutis
581 1735 626 1759 ge-

115 1769 166 1786 nm
183 1761 322 1793 Pompeius
347 1762 516 1790 adsueverat:
541 1762 626 1790 Quint.

116 1796 140 1826 2,
151 1797 175 1826 4,
187 1796 229 1820 17:
248 1796 276 1819 in
296 1796 344 1820 hoc
364 1796 502 1820 adsuescat
518 1797 626 1828 (puer.);

117 1831 187 1854 sonst
197 1828 329 1854 verbindet
338 1829 365 1855 L.
376 1830 501 1854 adsuetus
513 1830 558 1854 mit
572 1829 627 1854 Dat.

117 1863 167 1894 (23,
180 1864 220 1894 10)
239 1862 299 1888 oder
317 1863 362 1888 lnf.
382 1865 434 1895 (23,
447 1865 488 1895 40,
503 1865 555 1895 10);
574 1864 626 1896 vgl.

121 1897 412 1927 10,12.-sam2·11·ar2·a
426 1899 497 1928 iura]
516 1905 536 1922 s.
552 1900 573 1930 1,
586 1899 626 1927 34,

122 1930 164 1955 12:
181 1932 304 1956 notitiam
315 1949 322 1956 .
332 1950 338 1955 .
351 1933 379 1956 in
398 1932 544 1960 familiaris
563 1933 626 1956 ami-

674 1018 753 1040 citiae
772 1016 924 1040 adda-terat
943 1017 1017 1044 iura:
1041 1017 1081 1047 33,
1100 1017 1141 1046 20,
1160 1018 1184 1040 7.

712 1051 749 1075 10.
769 1050 919 1082 appellatus
938 1051 1006 1080 erat]
1025 1057 1044 1074 s.
1057 1051 1099 1080 26,
1111 1051 1151 1079 38,
1162 1052 1186 1076 7.

672 1098 705 1102 --
725 1084 756 1108 de
771 1092 798 1108 se
812 1087 867 1116 ipse
878 1103 883 1108 .
896 1085 913 1115 .]
932 1084 984 1115 vgl.
995 1083 1132 1109 Tac.Ann.
1147 1085 1185 1115 11,

673 1119 718 1143 22:
747 1117 778 1142 de
795 1126 822 1142 se
840 1126 893 1142 non
912 1118 1044 1148 infitiatus
1066 1119 1186 1143 conscios

672 1159 726 1176 non
739 1151 830 1176 edidit,
858 1151 892 1176 Da
907 1152 938 1176 de
955 1160 982 1176 se
1000 1152 1033 1176 im
1044 1151 1186 1184 Gegensatz

674 1193 705 1210 zu
719 1188 838 1210 conscios
850 1185 927 1217 steht,
945 1194 974 1210 so
985 1188 1117 1210 erwartete
1126 1193 1185 1211 man

675 1220 706 1243 de
718 1228 745 1244 se
758 1221 827 1251 ips-03
846 1220 906 1244 aber
915 1220 968 1245 dies
980 1219 1185 1252 gegensatzliehe

674 1253 819 1278 Verbaltnis
832 1253 895 1278 wird
915 1253 985 1278 nicht
1004 1254 1091 1278 immet
1104 1253 1189 1279 scharf

675 1288 838 1320 ausgepragt3
857 1287 908 1319 vgl.
929 1296 958 1312 zu
979 1289 1018 1318 38,
1039 1289 1062 1312 2.

711 1323 750 1346 11.
770 1322 899 1351 omnibus]
917 1319 976 1346 ‘alle
990 1318 1186 1351 erdenklichen';

675 1363 696 1381 s.
715 1356 739 1386 6,
757 1356 797 1386 22,
817 1357 840 1380 6,

711 1390 750 1414 12.
770 1389 845 1419 duce]
864 1389 917 1421 vgl.
937 1388 996 1414 Tac.
1016 1390 1081 1414 Anu.
1101 1391 1126 1421 4,
1145 1391 1186 1415 28.

713 1424 751 1448 13.
762 1423 906 1447 nonnullos
917 1423 948 1447 ab
960 1422 1054 1455 latere}
1068 1422 1186 1448 Bezeich-

676 1464 745 1489 nung
764 1456 808 1481 der
825 1457 952 1481 satellites
970 1457 996 1488 (ξ
1016 1459 1054 1488 4),
1079 1457 1127 1481 wie
1146 1456 1186 1482 die

675 1490 749 1523 Prap.
768 1491 800 1515 ab
818 1491 843 1515 in
862 1492 975 1523 spaterer
988 1491 1041 1516 Zeit
1060 1498 1124 1523 ganz
1143 1498 1186 1523 ge-

676 1524 804 1549 wohnlieh
823 1532 880 1549 zum
891 1524 1023 1550 Ausdruck
1038 1525 1076 1549 sur
1087 1524 1187 1549 niederc

675 1558 931 1584 Dienstverhaltnisse
950 1559 1090 1591 gebraucht
1113 1558 1186 1589 wird,

675 1601 697 1618 z.
716 1592 745 1618 B.
763 1600 854 1617 servus
872 1594 904 1617 ab
924 1593 1044 1625 epistulis
1063 1600 1086 1617 u.
1101 1600 1123 1617 a.
1152 1592 1186 1617 So

677 1627 744 1652 Curt.
764 1628 787 1656 3,
806 1628 829 1658 5,
847 1628 891 1651 15:
912 1635 970 1651 cum
989 1627 1024 1651 ad
1041 1628 1187 1658 perniciem

678 1662 734 1685 eius
753 1662 832 1685 etiam
852 1669 867 1685 a
887 1661 969 1685 latere
987 1663 1071 1694 ipsius
1090 1657 1187 1691 (Lente

679 1701 723 1719 aus
757 1695 838 1719 seiner
868 1695 989 1720 nachsten
1017 1692 1188 1727 Umgebung‘)

678 1730 791 1760 pecunia
804 1729 962 1753 sollicitaret
972 1729 1065 1757 hostis;
1085 1728 1132 1752 wir
1145 1736 1188 1760 ge-

678 1762 804 1788 brauchen
827 1762 875 1787 den
895 1762 1028 1788 Ausdruck
1052 1760 1188 1794 =Adlatus‘,

678 1809 712 1818 =
730 1796 766 1821 ad
784 1797 867 1826 latus;
885 1797 937 1829 vgl.
956 1798 996 1827 23,
1013 1797 1075 1828 s‚3;
1095 1797 1136 1827 32,
1146 1797 1188 1827 39,

681 1832 703 1856 8.
731 1830 787 1856 Val.
805 1830 869 1855 Max.
890 1832 913 1861 3,
932 1832 955 1861 3,
975 1833 1025 1856 ext.
1041 1833 1069 1856 5:
1087 1830 1187 1854 satelli-

680 1867 729 1889 tem
740 1883 746 1889 .
756 1883 763 1890 .
773 1865 844 1894 salsa
861 1866 940 1896 quasi
949 1865 1138 1889 criminatione
1148 1866 1187 1889 in-

679 1898 815 1930 quinando
834 1898 918 1928 fidum
938 1898 1018 1923 lateri
1032 1900 1088 1923 eius
1101 1901 1187 1923 custo-

680 1932 736 1957 dem
749 1931 1040 1965 eripuit(Tl1eodotus);
1054 1940 1097 1957 zur
1107 1931 1187 1957 Sache
