1332 2150
411 111 504 137 LIBER
522 111 616 136 xxtlll.
653 109 722 135 GAP.
741 111 781 135 40.
1090 105 1126 135 91

65 130 86 144 «ι.
97 123 144 144 Chr.
154 128 174 142 n.
185 123 228 142 211,

66 201 154 231 altero
172 199 218 229 die
236 199 355 228 Oricum
371 197 503 236 pervenit
521 196 680 235 urbemque
697 205 758 225 eam
775 195 828 224 levi
845 199 962 225 tenente
976 193 1131 233 praesidio,
1147 197 1162 222 6

65 242 143 282 quod
156 241 361 273 rewecedens
373 240 440 269 inde
455 239 621 277 reliquerat,
635 237 711 267 haud
723 246 829 275 magno
842 237 1000 266 certamine
1010 236 1131 275 recepit.

65 284 151 323 legati
179 293 212 313 eo
238 283 273 313 ab
296 282 448 322 Apollonia
471 287 614 311 venerunt
639 280 807 310 nuntiantes
829 279 858 308 in
883 279 1034 309 obsidione
1058 288 1132 314 sese,
1148 284 1161 307 7

66 327 145 366 quod
168 326 290 356 deficere
311 325 345 354 ab
368 324 507 354 Romanis
532 323 658 358 nollent,
681 332 744 352 esse
769 331 864 360 neque
889 323 1035 351 sustinere
1057 321 1133 351 ultra

65 369 122 399 vim
149 368 339 408 Macedonum
369 376 456 406 posse
467 390 474 402 ,
505 366 560 395 nisi
590 365 766 404 praesidium
798 365 928 393 mittatur
957 363 1132 393 Romanum.

66 412 210 442 facturum
223 420 253 440 se
269 419 343 448 quae
359 409 465 438 vellent
481 409 628 448 pollicitus
645 407 702 437 duo
719 407 797 436 milia
813 406 993 436 delectorum
1009 406 1133 435 militum
1150 411 1164 435 s

67 454 187 484 navibus
208 452 304 491 longis
320 452 406 481 mittit
428 451 462 480 ad
485 451 592 480 ostium
614 450 744 479 fluminis
761 458 827 479 cum
850 449 997 487 praesecto
1020 449 1132 477 socium

66 496 99 531 Q.
116 496 221 525 Naevio
238 494 346 530 Crista,
368 494 430 523 viro
446 494 564 532 inpigro
581 497 609 522 et
630 493 724 531 perito
741 491 869 521 militiae.
901 492 926 520 is
948 490 1087 529 expositis
1104 491 1133 519 in
1150 496 1164 520 9

66 544 171 568 terram
183 537 323 567 militibus
336 536 517 575 navibusque
527 536 647 565 Oricum
661 540 748 569 retro,
766 534 845 563 unde
865 538 991 568 venerat,
1009 533 1043 562 ad
1058 537 1134 562 cete-

64 589 124 610 ram
148 580 268 610 classem
291 579 421 609 remissis
441 579 548 608 milites
567 577 671 616 procul
688 587 702 606 a
719 576 839 606 flumine
855 585 908 615 per
926 576 998 605 viam
1014 575 1135 605 minime

66 623 100 653 ab
118 622 204 661 regiis
221 622 368 652 obsessam
385 621 466 651 duxit
482 626 509 650 et
526 624 621 656 nocte,
645 621 682 649 ita
700 624 732 649 ut
749 628 834 648 nemo
858 619 986 648 hostium
1003 618 1134 653 sentiret,

65 665 168 695 urbem
178 669 221 694 est
232 665 392 702 ingressus.
418 664 494 692 diem
506 663 711 701 insequentem
727 661 874 700 quievere,
888 661 955 690 dum
968 661 1135 699 praefectus
1153 667 1181 691 10

65 707 244 737 iuventutem
263 706 491 746 Apolloniatium
511 714 649 743 armaque
662 709 690 734 et
702 704 783 733 urbis
797 704 871 733 vires
886 703 1053 742 inspiceret.
1085 703 1135 732 ubi

67 760 98 780 ea
116 751 173 779 visa
196 750 386 788 inspectaque
403 749 471 778 satis
488 748 650 777 animorum
668 748 780 782 fecere,
804 746 950 784 simulque
975 745 1009 775 ab
1034 745 1136 784 explo-

66 792 210 822 ratoribus
236 791 385 830 conperit,
406 796 513 829 quanta
532 790 666 819 socordia
686 799 719 818 ac
738 789 921 827 neglegentia
942 788 1019 826 apud
1037 788 1136 817 hostes

65 839 158 870 esset,
181 834 297 864 silentio
320 833 414 863 noctis
433 833 468 862 ab
494 833 566 862 urbe
582 833 646 862 sine
662 832 721 861 ullo
739 831 866 861 tumultu
891 840 1026 869 egressus
1043 835 1136 859 castra
1153 837 1179 861 11

67 877 194 906 hostium
205 877 276 906 adeo
290 876 420 914 neglecta
431 880 517 914 atque
527 879 625 914 aperta
635 874 760 910 intravit,
774 879 806 903 ut
817 873 885 903 satis
897 877 1044 903 constaret
1053 873 1136 912 prius

66 920 144 949 mille
161 919 313 948 hominum
330 918 434 948 vallum
459 918 600 953 intrasse,
623 926 709 955 qnam
727 916 881 955 quisquam
898 915 1035 952 sentiret,
1058 924 1091 944 ac
1113 915 1137 944 si

67 962 154 991 caede
169 961 390 996 abstinuissent,
407 960 560 999 pervenire
576 960 610 989 ad
626 959 847 989 tabernaculum
866 958 978 996 regium
995 958 1135 996 potuisse.

67 1004 169 1034 caedes
182 1004 382 1042 proximorum
397 1008 498 1041 portae
512 1002 769 1037 excitavithostes;
786 1001 854 1030 inde
867 1005 965 1030 tantus
978 1005 1073 1029 terror
1085 1009 1137 1039 pa·
1160 1005 1188 1030 12

68 1055 177 1085 vorque
193 1046 288 1075 omnis
305 1045 472 1083 occupavit,
497 1049 528 1074 ut
544 1054 605 1074 non
622 1044 707 1073 modo
732 1043 805 1073 alius
823 1043 977 1082 quisquam
995 1051 1073 1072 arma
1090 1052 1136 1072 ca-

67 1093 150 1128 peret
167 1093 215 1118 aut
231 1088 332 1118 castris
349 1087 457 1126 pellere
473 1087 587 1116 hostem
604 1090 777 1121 conaretur,
803 1086 888 1115 etiam
905 1085 968 1124 ipse
984 1094 1044 1121 rex,
1062 1084 1137 1114 sicut
1154 1090 1182 1115 13

65 1163 137 1196 quod
146 1166 261 1187 veterum
273 1163 388 1187 militum
400 1165 466 1193 erat,
479 1164 573 1191 secum

64 1199 106 1228 45,
123 1198 201 1228 2,11:
221 1197 292 1228 quod
309 1197 423 1221 militum
442 1196 575 1228 Corcyrae

627 1169 649 1186 z.
667 1161 694 1186 B.
706 1163 746 1191 25,
756 1162 797 1191 22,
810 1160 972 1185 11⁴—mille
992 1161 1136 1190 hominnm]

627 1196 700 1219 mille
724 1196 760 1220 als
786 1194 934 1220 Substantiv
961 1193 1031 1218 nicht
1056 1193 1138 1218 seiten

66 1250 74 1258 .
85 1251 91 1257 .
102 1233 174 1261 esset,
186 1249 192 1255 .
204 1250 209 1255 .
222 1231 268 1255 hos
287 1239 375 1255 omnes
393 1231 490 1254 milites
501 1249 506 1254 .
517 1250 522 1255 .

102 1266 126 1290 6.
147 1264 204 1296 aevi]
224 1272 244 1289 s.
264 1266 305 1296 22,
325 1266 365 1295 24,
384 1266 407 1289 2.

102 1300 125 1324 ἵ.
145 1298 266 1330 deficere]
285 1298 325 1323 die
335 1298 513 1330 Apolloniaten
524 1305 575 1322 wa-

67 1340 110 1358 ren
130 1332 357 1364 Bundesgenossen
377 1332 421 1357 der
431 1332 534 1359 Romen
555 1339 574 1356 s.

67 1366 139 1392 Mms.
158 1366 208 1391 RG.
230 1365 263 1397 1⁶,
281 1368 339 1392 623.

102 1402 126 1426 S.
147 1408 205 1425 cum
224 1400 371 1430 praefecto]
391 1407 410 1424 s.
430 1407 461 1423 zu
481 1400 521 1429 20,
544 1401 565 1424 1.

102 1436 126 1460 1),
146 1433 228 1466 retro]
251 1442 270 1458 s.
289 1442 320 1458 zu
339 1435 380 1464 20,
400 1435 423 1458 3.
441 1447 474 1451 —-
493 1434 577 1457 obses-

67 1470 134 1499 sam]
153 1476 172 1493 s.
193 1470 233 1499 39,
256 1469 276 1493 1.

106 1504 142 1528 10.
163 1502 235 1532 dum]
248 1498 295 1526 ‘bis
310 1509 335 1526 er
349 1504 391 1530 (=
401 1500 480 1525 damit
494 1508 520 1525 er
532 1508 577 1525 un-

70 1536 209 1567 terdessen)
224 1533 379 1567 besichtige‘;
400 1535 443 1560 der
454 1534 527 1566 Konj.
543 1535 577 1559 im

67 1570 144 1596 Sinne
169 1570 214 1594 des
237 1569 373 1600 Subjekts,
399 1569 509 1594 welches
534 1568 579 1593 das

70 1606 202 1636 quiescet-e
220 1603 375 1636 angeordnet
394 1603 449 1631 hat3
469 1602 521 1635 vgl.
538 1604 579 1633 2l,

69 1639 131 1670 8,1;
146 1640 186 1669 25,
196 1639 237 1669 25,
248 1641 271 1664 4.
290 1638 339 1662 Zur
349 1637 430 1662 sache
443 1636 494 1668 vgl.
504 1638 545 1666 44,
558 1639 579 1665 1,

69 1674 177 1698 6.—ea
198 1674 252 1696 visa
265 1691 270 1697 .
282 1672 300 1702 .]
319 1671 343 1697 d,
361 1671 384 1696 h.
403 1670 447 1696 das
464 1670 579 1695 Resultat

70 1706 114 1732 der
143 1706 329 1738 Besichtigung.
354 1719 387 1723 —
415 1704 578 1737 animorum]

70 1740 144 1772 geht,
163 1740 211 1765 wie
231 1741 352 1771 conperit
369 1739 448 1771 zeigt,
472 1746 518 1763 nur
537 1739 581 1763 aul

71 1773 119 1798 den
130 1773 264 1799 Pr5sekten
277 1773 327 1798 und
341 1773 374 1798 ist
387 1773 439 1798 bier
453 1773 477 1797 in
492 1776 578 1805 gutem

71 1807 148 1833 Sinne
166 1807 313 1840 gebraucht,
334 1808 380 1832 wie
399 1809 440 1837 42,
459 1809 488 1835 ὃς
507 1810 579 1832 sonst

71 1841 109 1866 oft
126 1849 184 1866 vom
203 1842 337 1870 Ubermut;
356 1849 376 1866 s.
397 1842 437 1872 22,
458 1842 480 1866 8.

109 1878 148 1900 11.
168 1876 200 1899 ab
222 1876 287 1900 urbe
302 1895 324 1901 ..
340 1876 470 1907 egressus]
497 1882 518 1900 s.
540 1876 578 1905 10,

73 1909 113 1939 43,
136 1910 177 1934 13:
202 1917 318 1940 egressos
340 1910 372 1934 ab
392 1909 502 1941 oppido;
522 1907 578 1933 Ter.

73 1942 149 1968 Andr.
161 1943 208 1968 226
219 1951 286 1972 u.a.;
298 1943 332 1968 oft
344 1943 407 1968 auch
419 1945 492 1967 πῖνε
503 1944 535 1967 ab
547 1962 551 1967 .
564 1962 579 1971 .‚

627 1229 667 1254 bei
686 1229 724 1257 L.;
745 1237 765 1254 s.
785 1230 881 1259 41,10.
900 1229 941 1259 42,
955 1229 983 1257 S;
1004 1229 1045 1258 23,
1056 1229 1137 1258 44,7;

628 1264 668 1291 25.
687 1264 728 1294 24,
750 1265 775 1288 1:
796 1271 827 1287 zu
847 1264 886 1293 33,
907 1264 928 1293 S,
951 1263 989 1287 10.
1004 1276 1036 1279 —
1049 1269 1140 1293 perve-

627 1296 696 1330 nire]
717 1296 824 1321 nfimlich
844 1304 898 1325 e⁰s;
918 1295 969 1328 vgl.
984 1297 1008 1326 2,
1019 1297 1076 1327 3‚3.
1097 1296 1137 1325 23,

628 1332 643 1355 4
662 1338 686 1355 u.
705 1338 728 1355 a.

666 1366 704 1389 12.
724 1367 814 1389 tet-ror
830 1365 976 1395 pavorque]
996 1363 1047 1394 vgl.
1061 1364 1102 1394 29,
1115 1364 1139 1393 3,

629 1400 652 1423 9.
666 1413 700 1416 —
719 1398 869 1430 quisquam]
890 1398 948 1422 weil
967 1397 1010 1422 der
1020 1396 1139 1422 Gedanke

630 1432 732 1464 negativ
752 1432 798 1462 ist,
817 1431 883 1457 denn
903 1439 929 1457 es
948 1431 1023 1456 sollte
1043 1431 1139 1463 eigent-

628 1466 679 1491 lich
699 1466 797 1498 fulgen:
816 1466 862 1490 sed
875 1474 907 1490 ne
920 1473 970 1490 rex·
983 1465 1088 1497 quz‘dem
1107 1466 1138 1495 (s.

628 1501 670 1531 25,
681 1501 721 1531 26,
736 1502 787 1530 10);
807 1502 870 1525 statt
882 1500 941 1524 aber
954 1499 1070 1524 dasselbe
1081 1498 1139 1523 Pra-

629 1533 700 1559 dikat
718 1534 763 1559 mit
778 1542 811 1558 ne
822 1553 827 1558 .
839 1553 844 1558 .
857 1533 962 1565 quidem
976 1533 1032 1558 dem
1043 1533 1139 1565 Konige

631 1568 791 1600 beizulegen,
820 1568 864 1592 hat
891 1567 935 1592 der
960 1567 1140 1592 Schriststeller

632 1602 671 1627 ein
691 1602 816 1627 starkeres
835 1601 886 1626 und
900 1601 1014 1633 zugleich
1033 1601 1058 1625 in
1073 1600 1140 1625 affir-

629 1636 736 1661 mativer
762 1636 834 1661 Form
866 1635 986 1667 angeftigt
1017 1634 1067 1659 und
1098 1634 1141 1659 da—

629 1670 707 1695 durch
726 1669 767 1695 die
786 1669 989 1702 Ungenauigkeit
1013 1668 1058 1693 des
1077 1668 1140 1693 Aus-

629 1704 722 1729 drueks
741 1704 820 1729 selbst
838 1702 1011 1731 verschuldet3
1035 1702 1086 1735 vgl.
1110 1710 1141 1727 zu

630 1740 655 1769 4,
674 1739 714 1769 21,
733 1740 756 1763 6.

668 1773 706 1797 13.
724 1774 813 1802 etiam]
832 1771 897 1796 ohne
915 1771 974 1801 sed,
997 1770 1057 1795 aber
1075 1769 1140 1794 nach

631 1805 806 1831 affirmativem
817 1805 965 1833 Gedanken:
976 1812 996 1829 s.
1007 1804 1068 1829 Tac.
1076 1804 1140 1828 Ann.

632 1842 656 1872 3,
677 1842 720 1865 19:
745 1848 799 1864 non
818 1839 896 1864 modo
920 1839 993 1871 apud
1017 1838 1078 1862 illos
1097 1839 1141 1862 ho-

631 1876 714 1898 mines
725 1893 731 1899 .
742 1892 757 1905 .,
776 1875 856 1898 etiam
872 1874 969 1897 seculis
980 1873 1141 1904 temporibus

632 1910 747 1934 iactata:
772 1907 862 1932 ebend.
882 1909 906 1937 -1,
925 1908 970 1935 35;
994 1906 1047 1938 vgl.
1065 1913 1096 1930 zu
1115 1905 1140 1930 L.

633 1943 673 1973 22,
683 1943 724 1973 25,
735 1943 757 1967 Τ.
770 1956 802 1959 -
813 1942 890 1966 etiam
904 1941 967 1973 ipse]
979 1940 1012 1965 ist
1022 1939 1142 1972 doppelte
