1332 2150
58 108 76 122 ι.
86 101 133 122 chr.
144 105 164 120 n.
173 99 217 119 213.

405 89 497 114 LIBER
516 88 609 115 xxfflt.
644 88 713 113 GAP.
734 89 774 113 48.

1066 83 1123 114 107

59 176 202 217 pedestria
218 175 292 205 bella
308 174 497 205 Numidarum
515 180 630 213 gentem
653 183 732 210 esse,
755 173 839 211 equis
855 176 966 202 tantum
983 171 1126 208 habilem;

58 221 95 250 ita
111 220 166 249 iam
185 218 252 248 inde
267 228 282 248 a
300 217 453 257 principiis
469 218 564 255 gentis
579 216 704 246 maiores
720 225 789 246 suos
805 215 878 244 bella
896 215 1029 253 gessisse,
1046 214 1084 244 ita
1096 223 1127 244 se
1142 219 1156 243 6

58 272 73 292 a
88 261 188 301 pueris
203 261 343 290 insuetos.
366 260 416 290 sed
429 259 536 289 habere
549 260 660 289 hostem
674 258 801 298 pedestri
814 257 952 287 fidentem
966 257 1065 291 Marte,
1079 257 1125 287 cui

57 305 81 335 si
97 303 214 342 aequari
231 303 337 332 robore
352 302 456 332 virium
472 302 555 337 velit,
573 307 601 332 et
616 301 670 331 sibi
687 301 799 340 pedites
821 300 1034 338 comparandos
1053 308 1125 329 esse.

58 352 86 377 et
101 346 135 376 ad
152 346 179 375 id
196 345 381 375 multitudine
394 345 547 374 hominum
559 353 683 383 regnum
697 343 856 378 abundare,
873 341 922 371 sed
936 342 1065 371 armandi
1079 351 1127 371 or·
1143 348 1156 372 7

57 388 206 427 nandique
218 392 246 418 et
258 387 422 417 instruendi
433 396 484 416 eos
496 391 586 416 artem
599 387 745 425 ignorare.
770 384 867 414 omnia
879 384 954 413 velut
969 385 1042 414 sorte
1055 393 1127 413 con-

58 435 174 470 gregata
190 434 266 460 vasta
281 439 314 459 ac
335 430 487 459 temeraria
503 439 576 459 esse.
607 429 736 458 facturos
759 437 790 457 se
812 427 842 456 in
865 426 1029 466 praesentia
1050 426 1126 465 quod
1144 432 1158 456 S

58 474 142 504 vellet
158 473 241 510 legati
254 472 435 510 respondent
450 472 506 501 fide
521 476 650 510 accepta,
666 476 698 500 ut
715 471 876 500 remitteret
892 469 1036 507 extemplo
1051 477 1127 505 eum,

57 516 80 546 si
97 516 287 554 imperatores
303 514 348 543 sui
361 524 420 544 non
436 514 677 553 comprobassent
689 514 807 542 sactum.
835 512 869 546 Q.
882 511 1008 541 Statorio
1020 520 1128 540 nomen
1144 517 1159 541 9

57 558 121 593 suit,
134 558 183 596 qui
201 557 234 587 ad
251 566 349 595 regem
367 557 514 586 remansit.
547 565 612 586 oum
629 555 744 585 duobus
760 555 900 584 Romanis
922 563 972 583 rex
988 553 1128 583 Numidas

57 600 167 638 legatos
182 600 212 628 in
229 599 398 638 Hispaniam
415 599 494 628 misit
509 599 543 628 ad
559 598 759 637 accipiendam
776 598 861 627 fidem
885 597 920 626 ab
944 596 1128 635 imperatori-

57 642 112 672 bus
128 642 276 671 Romanis.
308 642 410 671 iisdem
426 641 579 676 mandavit,
597 646 629 671 ut
646 641 784 679 protinus
806 639 962 675 Numidas,
979 638 1029 677 qui
1053 639 1128 668 intra
1146 644 1174 668 10

58 684 200 724 praesidia
214 684 497 723 Carthaginiensium
511 683 664 713 auxiliares
677 687 776 717 essent,
792 682 825 712 ad
844 681 1048 711 transitionem
1060 689 1128 719 per-

58 727 189 757 licerent.
221 731 248 756 et
264 727 408 756 Statorius
426 735 459 755 ex
475 726 566 756 multa
582 726 732 755 iuventute
748 726 808 763 regi
826 725 938 763 pedites
952 723 1129 761 conscripsit
1145 729 1171 753 11

58 769 266 808 ordinatosque
282 769 415 808 proxime
430 778 543 798 morem
557 768 721 797 Romanum
739 767 913 797 instruendo
927 772 954 795 et
968 766 1128 796 decurren-

58 812 94 842 do
110 812 192 850 signa
208 812 292 850 sequi
308 816 336 841 et
351 820 466 841 servare
488 811 607 841 ordines
628 811 728 840 docuit
750 814 778 839 et
800 810 881 848 operi
905 809 1028 847 aliisque
1044 808 1129 837 iustis
1146 813 1174 837 12

56 854 231 885 militaribus
254 855 291 883 ita
313 854 491 890 adsuefecit,
513 858 546 882 ut
568 853 647 882 brevi
666 862 715 882 rex
734 862 794 882 non
812 852 902 890 equiti
919 851 1010 889 magis
1027 850 1129 880 fideret

57 906 143 936 quam
160 896 251 936 pediti
268 896 451 935 conlatisque
464 905 557 934 aequo
570 904 672 934 campo
687 895 778 933 signis
792 895 868 924 iusto
882 893 994 933 proelio
1010 893 1129 923 Cartha-

57 955 180 980 senssorm
199 962 245 978 nur
269 954 333 981 hier:
359 954 411 986 vgl-
433 956 456 982 9,
478 955 517 983 15,
538 955 566 978 3:

57 990 104 1021 qui
128 989 245 1012 obsessor
268 987 398 1012 Luceriae
423 990 566 1012 restiterat.

56 1037 88 1041 -
99 1022 192 1047 rudem
203 1021 246 1052 ad]
258 1029 277 1046 s.
287 1023 327 1051 28,
339 1022 379 1053 25,
390 1023 417 1050 S;
428 1021 480 1053 vgl.
489 1029 520 1045 zu
529 1023 567 1051 13,

58 1058 96 1082 11.
117 1070 148 1074 -
168 1056 290 1085 habilem]
309 1052 474 1084 ‘brauchbar';
497 1059 567 1080 sonst

57 1090 155 1121 andem,
174 1098 195 1114 z.
209 1089 236 1114 Β.
257 1090 297 1119 22,
307 1091 348 1118 46,
360 1091 386 1116 5;
406 1089 457 1121 vgl.
473 1090 512 1119 31,
530 1091 566 1114 14.

91 1125 115 1150 6.
130 1132 145 1148 a
158 1125 301 1155 principiis
309 1123 407 1155 gentis]
417 1120 505 1148 ‘sehon
520 1123 567 1148 seit

57 1158 99 1184 der
118 1157 203 1183 Urzeit
221 1157 264 1182 des
276 1154 387 1185 Volkes';
406 1165 425 1182 s.
441 1158 566 1188 9‚17,10.

58 1194 99 1223 29,
118 1193 132 1217 S
151 1199 174 1216 u.
193 1199 214 1216 a.
235 1205 267 1209 —-
285 1193 408 1221 maiores]
427 1191 467 1216 die
487 1191 566 1215 numi-

59 1225 162 1251 dischen
191 1225 287 1256 Konige
319 1225 420 1249 leiteten
454 1225 493 1249 ihr
520 1225 566 1250 Ge-

58 1259 172 1285 schlecht
190 1267 239 1283 von
255 1258 376 1283 flerkules
394 1259 439 1285 ab:
460 1266 480 1284 S.
500 1258 566 1283 Plut.

58 1294 151 1319 Sertor.
161 1293 362 1324 9.-1·nsueios]
375 1293 407 1317 ist
417 1292 470 1317 hier
478 1292 566 1317 Passiv

58 1335 108 1352 von
128 1329 258 1357 insuesco,
284 1326 323 1351 ein
342 1326 567 1358 ungewohnlicher

59 1360 259 1391 (dichterischer)
285 1360 431 1388 Ausdruck:
463 1368 482 1384 s.
511 1360 567 1384 Hor.

57 1395 111 1420 Sat.
133 1398 153 1423 1,
173 1397 196 1424 4,
221 1396 279 1421 105;
305 1397 376 1419 sonst
397 1394 431 1419 ist
450 1396 568 1418 insuetus

59 1429 194 1461 Adjektiv,
213 1441 246 1450 =
262 1425 447 1460 ‘ungewohnt'.
467 1442 500 1446 —-
525 1436 568 1451 ro-

60 1464 121 1488 bore
140 1464 246 1493 virium]
267 1462 318 1494 vgl.
337 1470 367 1486 zu
386 1463 427 1492 23,
445 1463 486 1492 26,
507 1464 546 1487 11.

94 1500 115 1523 7.
141 1497 176 1521 ad
195 1496 232 1527 idl
257 1492 347 1526 ‘dazu²,
374 1496 399 1520 d.
419 1496 444 1520 h.
462 1503 504 1520 um
524 1495 568 1520 das

58 1539 89 1556 zu
108 1531 237 1563 erlangen.
255 1545 288 1548 —
308 1529 434 1560 ornandi]
453 1529 498 1554 mit
511 1529 568 1554 dem

59 1565 168 1597 Notigen
198 1563 304 1593 (Waffen
328 1566 403 1595 usw.)
431 1563 568 1592 verseliem

60 1607 80 1625 s.
98 1601 140 1630 44,
160 1601 181 1629 1,
200 1600 228 1623 6:
258 1600 353 1622 ornato
380 1599 499 1622 emm-cim
527 1599 569 1622 ob-

59 1635 128 1658 viam
139 1634 263 1657 venienti.
274 1646 305 1650 —
317 1632 477 1662 insti-uendi]
491 1631 570 1663 regel-

61 1666 162 1699 mz'ifsig,
181 1667 205 1690 in
226 1666 387 1690 bestimmten
400 1665 569 1697 Abteitungen

63 1701 209 1729 aurstenem
235 1708 255 1725 s.
280 1700 295 1732 ξ
317 1702 355 1724 11.
373 1714 405 1718 —-
431 1700 568 1731 ignorare]

62 1734 169 1760 namlich
194 1743 233 1762 se:
260 1742 280 1759 s.
305 1741 335 1758 zu
361 1736 385 1764 6,
404 1736 427 1759 5.
447 1748 480 1751 —
499 1733 570 1757 velut

61 1768 130 1798 sorte
144 1764 385 1800 eong1·egata]‘wie
401 1767 479 1792 durch
490 1767 570 1792 Zufall

62 1799 357 1834 zusammengewutfelt';
394 1801 446 1834 vgl.
475 1804 498 1832 5,
532 1802 570 1832 13,

65 1837 106 1861 12:
130 1836 200 1860 velut
225 1835 296 1865 forle
320 1836 412 1860 oblati.
432 1850 465 1854 -
484 1836 569 1866 vasta]

62 1866 175 1902 ‘plump’;
200 1870 251 1902 vgl.
277 1869 327 1894 Cic.
346 1869 377 1894 de
402 1877 436 1894 or.
466 1872 488 1901 1,
509 1871 570 1894 115:

62 1906 124 1928 sunt
133 1903 240 1936 quidam
252 1923 257 1928 .
271 1923 276 1929 .
290 1903 363 1928 voltu
373 1906 498 1935 motuque
514 1911 570 1927 cor-

62 1939 135 1969 poris
155 1939 223 1962 vasti
240 1940 318 1969 atque
337 1940 462 1969 agrestes.
482 1952 514 1955 —
533 1939 570 1961 te-

618 954 745 983 meraria]
766 952 813 977 alle
826 951 900 977 liesen
913 948 1029 984 ‘planlos‘
1051 950 1129 975 durch

619 986 746 1012 einander.

653 1022 676 1046 8.
707 1022 734 1044 in
751 1021 915 1052 praesentia]
931 1017 1054 1049 ‘vorerst,
1073 1025 1130 1043 vor-

618 1051 713 1086 liiufig‘.
728 1069 760 1073 —
774 1056 841 1085 eum]
861 1053 909 1079 den
920 1052 1130 1078 zuriickbleiben-

619 1089 684 1115 den:
704 1096 724 1114 s.
748 1090 768 1119 1,
788 1090 827 1120 34,
848 1089 870 1113 s.

654 1124 678 1147 9.
705 1122 834 1152 Statorio]
854 1130 874 1146 s.
892 1129 923 1146 zu
942 1123 983 1151 42,
1003 1121 1026 1145 S.
1045 1135 1078 1138 -—
1097 1120 1133 1144 ad

619 1156 718 1188 regem]
739 1158 832 1187 s.9,9;
853 1157 984 1186 38,55,4:
1005 1155 1131 1186 adprae-

620 1194 716 1219 torem;
742 1190 792 1215 Cic.
818 1190 849 1215 ad
867 1191 919 1214 Att.
942 1191 980 1221 10,
999 1190 1023 1219 4,
1043 1190 1072 1214 S:
1097 1188 1133 1212 ad

618 1233 659 1248 me
677 1225 738 1254 suit.
749 1239 781 1242 —
792 1224 828 1248 ad
841 1223 1024 1255 accipiendam
1043 1222 1130 1253 fidem]

619 1258 668 1283 wie
687 1258 702 1290 ξ
722 1260 750 1287 S;
770 1258 820 1290 vgl.
841 1259 881 1287 28,
901 1259 927 1285 9:
947 1258 987 1287 23,
1008 1258 1048 1287 34,
1068 1258 1091 1281 2.

656 1294 694 1317 10.
723 1293 795 1316 incr-a
822 1291 970 1324 praesidia]
995 1289 1131 1323 eigentlieh

618 1323 758 1350 ‘innerbalb
792 1325 837 1350 der
871 1325 999 1350 besetzten
1028 1322 1131 1354 Platze',

621 1359 686 1384 dann
706 1371 738 1380 =
758 1361 785 1384 in
808 1359 951 1391 praesidiis
978 1356 1061 1383 “unter
1084 1358 1132 1383 den

621 1390 814 1425 Besatzungen',
841 1393 866 1418 d.
886 1393 908 1417 11.
934 1392 1069 1425 allgemein
1091 1391 1136 1416 auf

621 1427 715 1458 Seiten,
725 1428 749 1452 in
761 1427 818 1452 dem
830 1426 1060 1457 Heerejemandes;
1080 1425 1132 1458 vgl.

621 1463 661 1493 25,
680 1463 721 1493 24,
742 1463 779 1486 15.
800 1462 840 1493 31,
860 1463 888 1490 3;
907 1462 949 1491 43,
968 1462 991 1491 7,
1010 1462 1034 1485 4.

657 1497 695 1521 11.
716 1496 864 1525 ordinatos]
884 1495 908 1519 in
920 1494 1064 1524 Centurien,
1081 1493 1132 1519 Ma-

621 1529 705 1562 nipeln
725 1537 801 1557 usw.;
821 1529 873 1561 vgl.
893 1530 934 1559 29,
956 1531 977 1559 1,
996 1531 1021 1557 1;
1041 1529 1082 1559 30,
1092 1529 1132 1558 33,

624 1566 645 1589 1.
663 1565 690 1593 4;
712 1565 752 1593 40,
772 1564 812 1594 39,
831 1565 854 1588 4.
878 1577 910 1581 —-
937 1564 1062 1595 proxime
1079 1570 1133 1586 mo-

620 1605 676 1622 rem
694 1617 699 1622 .
717 1599 733 1628 .]
757 1597 847 1630 gehort
872 1605 902 1621 zu
931 1597 1077 1621 ordinato&
1100 1610 1133 1614 —-

621 1632 778 1656 instruendo
798 1634 824 1655 et
848 1631 1024 1661 decurrendo]
1050 1629 1133 1654 indeni

622 1673 648 1690 er
666 1665 702 1690 sie
718 1665 770 1690 sicli
782 1664 916 1689 ausstellen
928 1664 977 1689 und
993 1663 1133 1688 manet-rie-

622 1707 664 1724 ren
677 1699 748 1728 liess;
768 1707 788 1724 s.
799 1706 829 1723 zu
841 1700 864 1730 4,
874 1700 902 1726 9;
923 1700 1055 1722 instruere
1066 1697 1134 1722 steht

622 1733 736 1764 absolut,
761 1733 809 1757 wie
834 1734 858 1763 9,
879 1734 920 1763 37,
941 1734 966 1760 ὃς
993 1731 1044 1764 vgl.
1069 1731 1084 1764 ξ
1105 1732 1133 1759 7;

623 1767 778 1792 decurrere:
798 1775 818 1792 s.
830 1775 859 1791 zu
871 1767 1003 1797 25‚17,5;
1023 1767 1064 1795 40,
1075 1767 1099 1795 ὃ,
1109 1766 1133 1790 5.

659 1802 698 1826 12.
727 1800 811 1833 operi]
836 1800 1002 1832 Besestigung
1025 1799 1070 1824 des
1088 1799 1134 1828 La-

623 1842 688 1867 gers.
716 1849 749 1852 —
776 1836 853 1859 iustis
885 1834 1057 1863 militaribus]
1086 1832 1134 1858 alle

623 1868 816 1901 regelmassigen
843 1868 924 1893 einem
945 1867 1066 1892 Soldaten
1091 1874 1133 1891 zu-

624 1902 791 1927 kommenden
823 1901 1036 1933 Verrichtungen;
1072 1901 1135 1926 iiber

625 1936 672 1961 den
691 1936 781 1961 Ausdr.
801 1936 851 1968 vgl.
870 1944 901 1960 zu
923 1938 943 1965 1,
964 1937 987 1961 2.
1012 1949 1044 1953 —
1072 1934 1134 1959 Car-
