1332 2150
68 133 88 148 ι.
100 126 148 148 Chr.
158 132 179 146 n.
189 126 233 146 212.

398 115 490 142 LIBER
507 115 581 141 XXV.
617 114 689 140 GAP.
707 116 748 140 39.
767 116 808 140 40.

1074 111 1131 140 211

69 208 163 234 tantas
185 203 214 232 in
239 203 329 232 vicem
352 206 486 241 acceptas
508 201 668 240 inlatasque
684 200 780 230 clades
796 194 1003 230 cunctantibus
1020 199 1135 239 pericu-

69 245 129 276 lum
144 254 274 275 summae
290 253 387 274 ΓθΓῑΙΙΪΙ
404 244 509 273 facere.

152 287 227 317 Dum
244 288 314 317 haec
330 287 359 316 in
376 286 516 326 Hispania
532 289 684 324 geruntur,
700 283 854 314 Marcellus
870 284 962 322 captis
975 283 1136 322 Syracusis,
1151 286 1188 313 40

67 339 134 361 cum
156 335 250 359 cetera
273 330 301 359 in
320 329 416 359 Sicilia
439 333 517 358 tanta
539 328 593 357 fide
616 331 703 366 atque
725 326 891 364 integritate
913 326 1136 365 composuisset,

67 377 100 403 ut
116 382 175 402 non
192 372 278 401 modo
295 381 376 401 suam
393 371 515 410 gloriam
531 370 581 400 sed
598 370 682 399 etiam
698 369 876 398 maiestatem
895 369 1001 407 populi
1013 368 1137 398 Romani

67 419 202 454 augeret,
222 419 391 444 ornamenta
415 413 510 448 urbis,
533 413 616 451 signa
631 411 811 450 tabulasque,
828 410 935 449 quibus
950 410 1137 440 abundabant

68 457 241 496 Syracusae
264 456 385 485 Romam
409 456 535 485 devexit:
558 454 686 484 hostium
705 454 822 493 quidem
839 453 886 482 illa
902 453 995 492 spolia
1011 458 1039 482 et
1055 458 1137 492 parta
1152 458 1166 482 2

67 499 158 529 belli·
152 508 229 534 iure;
253 504 382 528 ceterum
398 498 465 527 inde
482 497 608 536 primum
624 497 739 526 initium
756 496 879 525 mirandi
896 495 1074 525 Graecarum
1090 504 1136 525 ar-

68 542 141 572 tium
158 550 245 580 opera
262 540 454 579 licentiaeque
470 540 538 569 hinc
554 548 634 569 sacra
653 539 834 578 profanaque
850 538 948 567 omnia
964 538 1050 576 vulgo
1066 547 1136 577 spo-

66 584 153 614 liandi
171 584 277 612 sactum
294 587 352 618 est,
377 592 450 622 quae
474 586 621 621 postremo
644 582 673 611 in
690 581 838 610 Romanos
853 581 933 615 (1305,
950 580 1092 619 templum
1108 580 1136 609 id

66 626 161 665 ipsum
178 626 316 665 primum,
333 625 410 664 quod
423 634 439 654 a
451 624 587 654 Marcello
600 624 704 653 eximie
717 628 852 653 ornatum
869 627 922 657 est,
940 623 1032 652 vertit.
1063 622 1137 652 vise·
1153 627 1168 651 3

65 668 172 698 bantur
189 668 266 697 enim
283 668 318 697 ab
335 667 462 697 externis
483 667 517 696 ad
539 672 652 706 portam
669 666 814 713 Capenam
831 665 959 694 dedicata
975 675 990 694 a
1007 665 1044 694 M.
1061 665 1137 694 Mar-

66 710 139 741 cello
155 710 261 749 templa
278 714 398 749 propter
415 709 584 739 excellentia
600 709 662 738 eius
678 708 794 747 generis
810 712 991 743 ornamenta,
1011 716 1137 746 quorum

65 753 220 793 perexigua
245 761 312 791 pars
333 756 492 791 comparet.
527 751 690 790 legationes
711 751 841 780 omnium
865 750 954 779 ferme
977 750 1137 779 civitatium
1152 754 1167 777 4

65 795 180 825 Siciliae
192 795 227 824 ad
240 804 307 824 eum
320 794 544 824 conveniebant.
556 774 665 833 bdispar
681 798 714 822 ut
727 802 812 823 causa
825 802 934 827 earum,
952 793 989 822 ita
1002 792 1137 822 condicio

65 843 134 868 erat.
166 837 216 876 qui
232 842 300 866 ante
317 841 414 876 captas
427 837 584 875 Syracusas
600 840 723 866 autnon
740 835 919 865 desciverant
931 840 980 864 aut
991 835 1138 864 redierant

103 897 140 921 18.
158 903 207 927 ρει
209 895 322 919 iculum
331 893 447 926 ‚facin-0]
464 894 487 918 d.
499 894 523 918 h.
535 894 574 918 ein

65 928 274 955 entscheidendes
293 928 391 953 Treffen
411 936 441 952 zu
460 928 556 952 liesern

98 962 250 996 40—41,8.
272 962 438 994 Beendigung
451 961 495 986 des
506 961 574 986 ime

65 1005 110 1029 ges
129 997 173 1022 aut*
189 980 299 1022 Sicilien.
334 996 386 1020 Pol.
403 998 427 1026 9,
449 997 488 1024 10;
508 995 574 1020 Plnt.

65 1032 140 1057 Marc.
161 1032 201 1056 21

102 1067 122 1090 l.
137 1064 200 1096 fide]
216 1062 502 1095 Gewissenhastigkeit
496 1070 520 1087 m
531 1062 576 1087 der

66 1098 310 1129 Berficksichtigung
327 1097 371 1122 der
382 1097 519 1122 interessen
531 1097 575 1121 des

66 1133 206 1158 rfimischen
235 1131 348 1158 stantes:
387 1130 449 1155 wird
482 1130 575 1155 erklart

65 1166 142 1192 durch
160 1166 206 1190 sed
217 1186 223 1191 .
235 1185 241 1191 .
256 1168 374 1197 anget-el,
394 1165 442 1189 wie
460 1166 573 1196 integr-i-

67 1203 120 1225 tate
143 1199 221 1225 durch
245 1202 275 1224 ut
300 1199 521 1229 non..gloriam.
541 1213 574 1217 —

66 1235 238 1263 maiestatem]
257 1233 296 1258 die
315 1240 341 1258 er
359 1233 384 1257 in
398 1232 499 1257 Sicilien
518 1240 573 1257 ver-

67 1270 117 1293 trat
135 1267 183 1292 und
201 1274 244 1292 zur
254 1266 441 1298 Anerkennung
457 1266 572 1295 brachte3

68 1301 119 1334 vgl.
138 1302 179 1332 26,
197 1302 238 1331 29,
256 1302 279 1326 2.
304 1315 336 1318 -
360 1302 438 1331 signa
457 1300 573 1324 tabulas-

67 1336 125 1367 que]
145 1343 165 1360 s.
182 1335 223 1363 27,
238 1336 310 1364 16,7;
330 1335 475 1365 32,16,17;
494 1336 573 1366 signa

68 1369 224 1400 tabulaeque
232 1370 337 1400 priscae
347 1369 424 1396 arlis;
441 1368 524 1393 beides
540 1369 574 1393 ist.

67 1403 206 1434 Erklarung
239 1410 288 1427 von
317 1405 480 1426 ornamenta.
525 1402 574 1427 Zur

66 1437 147 1462 Sache
159 1437 209 1468 vgl.
221 1436 270 1461 Cic.
281 1436 306 1460 in
317 1435 386 1460 Verr.
397 1437 489 1465 4,1·23;
501 1436 573 1460 Mar—

67 1471 159 1501 collus,
184 1472 231 1502 qui
248 1471 272 1493 si
290 1470 438 1502 Syracusas
457 1471 572 1501 cepisset,

67 1505 131 1529 duo
155 1504 280 1536 templa
304 1512 331 1527 se
350 1502 446 1528 Romae
469 1503 573 1528 dedica-

67 1541 157 1563 turum
180 1540 298 1568 voverat,
324 1539 346 1560 is
366 1537 405 1567 id,
428 1537 499 1568 quod
517 1540 574 1562 erat

68 1572 273 1602 aedificaturus,
304 1572 337 1595 iis
364 1572 441 1595 rebus
468 1579 572 1603 ornare,

67 1614 132 1638 quas
151 1608 265 1638 ceperas,
285 1605 372 1629 noluit
384 1625 389 1630 .
401 1625 406 1629 .

102 1641 125 1665 2.
140 1641 253 1664 hostium
265 1659 270 1664 .
283 1641 298 1669 .]
314 1639 430 1671 obgleich
442 1638 573 1664 Marcellus

68 1674 131 1699 nach
157 1673 213 1699 dem
233 1673 408 1705 Kriegsrechte
436 1673 486 1697 und
509 1673 574 1698 nach

69 1707 125 1733 dem
148 1706 301 1733 Grundsatze
321 1706 414 1739 Digest.
434 1707 465 1731 XI
486 1709 508 1738 Τ,
529 1708 572 1732 36;

70 1749 128 1766 cum
147 1741 203 1766 loca
222 1744 298 1773 capla
318 1744 381 1765 sunt
398 1742 430 1764 ab
448 1741 574 1771 hostibus,

70 1777 157 1800 omniu
168 1775 290 1799 desinunt
302 1775 429 1805 religiosa
445 1775 485 1799 vel
496 1783 574 1799 sacr-a

70 1817 124 1833 esse
140 1808 202 1841 (vgl.
219 1809 270 1834 Cic.
287 1809 312 1833 in
332 1809 401 1834 Verr.
421 1811 446 1839 4,
468 1810 523 1839 122)
546 1816 574 1833 so

70 1842 200 1868 versahren
222 1842 331 1873 boante,
357 1850 384 1868 so
405 1842 446 1867 hat
466 1850 492 1868 er
510 1842 575 1867 doch

69 1876 180 1901 dadureh
191 1877 230 1902 ein
240 1876 313 1901 boses
323 1876 432 1908 Beispiel
447 1877 574 1909 gegebem

71 1911 136 1936 noch
154 1913 266 1942 strenger
285 1911 367 1935 urteilt
384 1910 437 1935 Pol.
448 1912 472 1941 9,
486 1912 524 1939 10,
535 1912 548 1935 2
558 1910 574 1935 s.

70 1959 103 1962 —
115 1946 230 1977 primum
243 1945 356 1975 initium]
371 1944 456 1978 haufig
469 1945 514 1970 mit
524 1945 575 1970 ein-

627 893 704 918 ander
722 892 883 921 verbundem
903 900 923 917 s.
937 894 1012 923 6,12,
1026 894 1055 917 10
1069 900 1092 917 u.
1103 900 1136 921 3.,
1131 903 1136 908 ⁷

627 935 683 952 zum
708 934 803 959 ganzen
822 926 955 951 Ausdruck
982 927 1034 958 vgl.
1053 927 1077 956 9,
1097 928 1138 958 40,

631 963 669 987 16.
686 975 720 979 -
738 961 866 991 nni-andi]
886 961 938 993 vgl.
959 962 1001 991 34,
1018 962 1042 991 4,
1061 946 1084 985 4.
1104 975 1137 978 -

630 995 792 1020 Graecarum
818 997 918 1019 artium
945 980 1138 1027 opera]‘'g1ie-

628 1029 730 1054 chische
740 1025 925 1057 Kunstwerke’3
945 1029 1052 1059 artium,
1068 1028 1138 1052 nicht

628 1065 704 1093 artis,
723 1062 780 1087 weil
794 1062 906 1087 melirere
918 1062 1014 1087 Kfinste
1027 1062 1139 1102 gemeint

627 1096 690 1122 sind.
704 1111 736 1115 —
756 1097 828 1128 hinc]
848 1094 952 1128 insolge
964 1093 1064 1124 dav';on
1084 1095 1138 1128 v.gl

627 1130 686 1155 Tac.
708 1130 768 1155 nist.
789 1132 811 1159 3,
827 1132 867 1156 68.
887 1145 919 1148 —
940 1130 1003 1161 vulg
987 1129 1030 1162 wo]
1045 1127 1137 1161 allge-

625 1161 711 1195 mein',
735 1172 764 1189 so
783 1163 839 1189 dass
858 1171 885 1189 es
907 1164 956 1189 alle
980 1163 1138 1196 ungescheut

626 1198 696 1223 thun.
719 1213 752 1216 —
776 1199 918 1230 postremo]
944 1197 1136 1231 hauptsfichlich

625 1240 677 1257 von
703 1232 748 1257 der
770 1232 825 1257 Zeit.
848 1231 931 1257 Sullas
958 1239 1004 1260 an;
1032 1239 1051 1256 s.
1075 1231 1136 1256 Sall.

626 1266 677 1291 Cat.
694 1268 767 1295 11,6;
788 1266 852 1291 doch
867 1266 931 1290 auch
946 1266 1025 1290 sehon
1041 1265 1136 1293 srfiher;

625 1308 645 1325 s.
671 1302 711 1330 39,
731 1302 754 1331 6,
781 1301 804 1324 7.
830 1314 863 1318 -—
890 1300 959 1330 deos]
987 1299 1012 1324 d.
1036 1299 1060 1323 h.
1084 1299 1137 1323 ihre

625 1333 739 1366 Tempel.
753 1348 782 1351 —
795 1334 919 1366 [emplum
931 1334 959 1357 id
969 1335 1064 1365 ipsum]
1078 1333 1137 1358 stei-

625 1368 733 1400 gerndes
744 1368 901 1400 Asyndeton.
931 1367 990 1391 Was
1007 1367 1060 1392 hier
1076 1370 1138 1391 lem-

624 1402 698 1434 plum
718 1401 806 1432 heirst,
825 1402 858 1426 ist
876 1401 892 1434 ξ
909 1403 923 1426 3
944 1400 1056 1434 sogleich
1074 1400 1139 1425 rich-

626 1437 690 1468 tiger
709 1437 738 1466 (s.
763 1435 803 1460 die
828 1436 906 1461 Stelle
931 1442 975 1459 aus
995 1435 1081 1460 Cicero
1107 1442 1138 1459 zu

626 1470 642 1502 ξ
663 1472 685 1496 1)
706 1470 803 1501 templa
823 1472 947 1501 genannt:
968 1469 1019 1501 vgl.
1040 1470 1081 1499 27,
1096 1470 1137 1498 25,

624 1505 654 1532 Ί;
684 1505 724 1535 29,
755 1506 793 1533 11,
822 1505 859 1529 13.
883 1518 916 1521 -
941 1504 1030 1533 vei-tic]
1057 1511 1079 1529 s.
1107 1510 1137 1527 zu

660 1573 683 1597 3.
709 1572 870 1602 visebantur]
896 1577 924 1595 so
944 1570 1007 1595 wird
1026 1570 1062 1595 ost
1087 1578 1138 1595 von

625 1604 908 1637 Sehenswiirdigkeiten
920 1604 1028 1628 visenda
1039 1607 1136 1636 gesagt.

625 1653 658 1657 —-
678 1639 713 1663 ad
730 1642 836 1670 portam
857 1638 997 1670 Capenam]
1024 1638 1075 1670 vgl.
1095 1639 1136 1667 26,

626 1674 666 1704 32,
678 1675 706 1701 43
727 1673 823 1698 Becker
835 1674 855 1702 1,
868 1674 925 1698 509.
937 1687 969 1690 —
985 1675 1108 1704 propletu
1120 1672 1135 1703 .}

627 1707 695 1731 nicht
713 1707 779 1731 ihrer
798 1707 876 1732 selbst
895 1714 994 1738 wegen
1012 1720 1046 1724 -—
1071 1713 1136 1737 quo-

626 1748 703 1766 rum.
714 1743 729 1771 .]
750 1740 868 1766 wahrend
885 1739 964 1771 ‘jelzt'
980 1742 1044 1769 (was
1057 1739 1136 1764 durch

627 1778 775 1815 comparet
794 1787 826 1796 =
843 1771 977 1802 sichtbar
1003 1782 1033 1798 zu
1058 1773 1135 1798 seben

626 1805 676 1839 ist’‚
701 1808 853 1841 angedeutet
873 1808 946 1836 wirdl
971 1815 1018 1832 nur
1036 1807 1117 1832 noch.

661 1844 684 1868 4.
704 1844 794 1872 causa]
813 1842 866 1867 ihre
878 1850 926 1866 von
945 1842 1021 1866 ihnen
1035 1849 1064 1865 zu
1079 1849 1136 1866 ver-

629 1876 741 1901 tretende
748 1873 846 1901 ‘Sache
862 1876 925 1900 nach
936 1875 992 1900 dem
1006 1875 1135 1908 grosseren

627 1910 688 1935 oder
706 1910 853 1942 geringeren
865 1910 945 1935 Grade
964 1909 1007 1934 der
1025 1909 1134 1941 Schuld;

629 1944 762 1969 condicio:
781 1944 826 1969 das
838 1943 989 1975 Vei-hannis,
1002 1943 1027 1968 in
1041 1943 1085 1968 das
1099 1943 1135 1968 sie

885 1986 930 2011 14*
