<?xml version="1.0" encoding="UTF-8"?>
<!DOCTYPE html PUBLIC "-//W3C//DTD XHTML 1.0 Transitional//EN"
    "http://www.w3.org/TR/xhtml1/DTD/xhtml1-transitional.dtd">
<html xmlns="http://www.w3.org/1999/xhtml" xml:lang="en" lang="en">
 <head>
  <title>
</title>
<meta http-equiv="Content-Type" content="text/html;charset=utf-8" />
  <meta name='ocr-system' content='tesseract 3.04.00' />
  <meta name='ocr-capabilities' content='ocr_page ocr_carea ocr_par ocr_line ocrx_word'/>
</head>
<body>
  <div class='ocr_page' id='page_1' title='image "./aburbeconditalib05livyuoft_0179.png"; bbox 0 0 1332 2150; ppageno 0'>
   <div class='ocr_carea' id='block_1_1' title="bbox 53 101 212 125">
    <p class='ocr_par' dir='ltr' id='par_1_1' title="bbox 53 101 212 125">
     <span class='ocr_line' id='line_1_1' title="bbox 53 101 212 125; baseline -0.019 -1"><span class='ocrx_word' id='word_1_1' title='bbox 53 110 74 125; x_wconf 74' lang='grc' dir='ltr'>ι.</span> <span class='ocrx_word' id='word_1_2' title='bbox 84 102 130 124; x_wconf 70' lang='lat' dir='ltr'>chr.</span> <span class='ocrx_word' id='word_1_3' title='bbox 138 107 159 122; x_wconf 80' lang='grc' dir='ltr'>ιι.</span> <span class='ocrx_word' id='word_1_4' title='bbox 169 101 212 122; x_wconf 72' lang='lat'>212.</span> 
     </span>
    </p>
   </div>
   <div class='ocr_carea' id='block_1_2' title="bbox 382 92 793 119">
    <p class='ocr_par' dir='ltr' id='par_1_2' title="bbox 382 92 793 119">
     <span class='ocr_line' id='line_1_2' title="bbox 382 92 793 119; baseline 0 -1"><span class='ocrx_word' id='word_1_5' title='bbox 382 92 473 118; x_wconf 79' lang='lat' dir='ltr'>LIBER</span> <span class='ocrx_word' id='word_1_6' title='bbox 491 93 567 118; x_wconf 87' lang='lat' dir='ltr'>XXV.</span> <span class='ocrx_word' id='word_1_7' title='bbox 604 93 674 118; x_wconf 79' lang='lat' dir='ltr'>CAP.</span> <span class='ocrx_word' id='word_1_8' title='bbox 694 94 733 118; x_wconf 86' lang='lat'>22.</span> <span class='ocrx_word' id='word_1_9' title='bbox 753 93 793 119; x_wconf 77' lang='lat'>23.</span> 
     </span>
    </p>
   </div>
   <div class='ocr_carea' id='block_1_3' title="bbox 1062 89 1121 119">
    <p class='ocr_par' dir='ltr' id='par_1_3' title="bbox 1062 89 1121 119">
     <span class='ocr_line' id='line_1_3' title="bbox 1062 89 1121 119; baseline 0.017 -1"><span class='ocrx_word' id='word_1_10' title='bbox 1062 89 1121 119; x_wconf 87' lang='grc'>169</span> 
     </span>
    </p>
   </div>
   <div class='ocr_carea' id='block_1_4' title="bbox 51 177 1166 344">
    <p class='ocr_par' dir='ltr' id='par_1_4' title="bbox 51 177 1166 344">
     <span class='ocr_line' id='line_1_4' title="bbox 53 177 1119 222; baseline -0.002 -13"><span class='ocrx_word' id='word_1_11' title='bbox 53 184 198 222; x_wconf 79' lang='lat' dir='ltr'>pugnant,</span> <span class='ocrx_word' id='word_1_12' title='bbox 220 184 252 208; x_wconf 85' lang='lat' dir='ltr'>ut</span> <span class='ocrx_word' id='word_1_13' title='bbox 273 182 421 218; x_wconf 83' lang='lat' dir='ltr'>postremo</span> <span class='ocrx_word' id='word_1_14' title='bbox 446 179 537 218; x_wconf 84' lang='lat' dir='ltr'>portis</span> <span class='ocrx_word' id='word_1_15' title='bbox 553 187 695 217; x_wconf 88' lang='lat' dir='ltr'>muroque</span> <span class='ocrx_word' id='word_1_16' title='bbox 711 187 741 207; x_wconf 89' lang='lat' dir='ltr'>se</span> <span class='ocrx_word' id='word_1_17' title='bbox 766 178 930 208; x_wconf 86' lang='lat' dir='ltr'>contineret</span> <span class='ocrx_word' id='word_1_18' title='bbox 946 177 1119 216; x_wconf 87' lang='lat' dir='ltr'>Campanus.</span> 
     </span>
     <span class='ocr_line' id='line_1_5' title="bbox 52 219 1166 263; baseline -0.003 -11"><span class='ocrx_word' id='word_1_19' title='bbox 52 222 131 263; x_wconf 84' lang='lat' dir='ltr'>prius</span> <span class='ocrx_word' id='word_1_20' title='bbox 151 225 262 256; x_wconf 82' lang='lat' dir='ltr'>tamen,</span> <span class='ocrx_word' id='word_1_21' title='bbox 285 230 371 260; x_wconf 91' lang='lat' dir='ltr'>quam</span> <span class='ocrx_word' id='word_1_22' title='bbox 387 221 458 250; x_wconf 87' lang='lat' dir='ltr'>haec</span> <span class='ocrx_word' id='word_1_23' title='bbox 475 221 717 250; x_wconf 76' lang='lat' dir='ltr'>continuarentur</span> <span class='ocrx_word' id='word_1_24' title='bbox 733 230 831 259; x_wconf 80' lang='lat' dir='ltr'>opera.</span> <span class='ocrx_word' id='word_1_25' title='bbox 856 221 941 258; x_wconf 76' lang='lat' dir='ltr'>legati</span> <span class='ocrx_word' id='word_1_26' title='bbox 957 220 991 250; x_wconf 90' lang='lat' dir='ltr'>ad</span> <span class='ocrx_word' id='word_1_27' title='bbox 1009 219 1120 249; x_wconf 88' lang='lat' dir='ltr'>Hanni·</span> <span class='ocrx_word' id='word_1_28' title='bbox 1139 225 1166 250; x_wconf 83' lang='lat'>10</span> 
     </span>
     <span class='ocr_line' id='line_1_6' title="bbox 53 262 1122 302; baseline -0.002 -8"><span class='ocrx_word' id='word_1_29' title='bbox 53 263 143 296; x_wconf 82' lang='lat' dir='ltr'><strong>halem</strong></span> <span class='ocrx_word' id='word_1_30' title='bbox 159 263 257 297; x_wconf 82' lang='lat' dir='ltr'>missi.</span> <span class='ocrx_word' id='word_1_31' title='bbox 280 263 329 302; x_wconf 88' lang='lat' dir='ltr'>qui</span> <span class='ocrx_word' id='word_1_32' title='bbox 352 268 547 302; x_wconf 77' lang='lat' dir='ltr'>quererentur</span> <span class='ocrx_word' id='word_1_33' title='bbox 568 263 710 293; x_wconf 77' lang='lat' dir='ltr'>desertam</span> <span class='ocrx_word' id='word_1_34' title='bbox 727 262 762 292; x_wconf 91' lang='lat' dir='ltr'>ab</span> <span class='ocrx_word' id='word_1_35' title='bbox 779 272 813 292; x_wconf 89' lang='lat' dir='ltr'>eo</span> <span class='ocrx_word' id='word_1_36' title='bbox 831 262 959 302; x_wconf 83' lang='lat' dir='ltr'>Capuam</span> <span class='ocrx_word' id='word_1_37' title='bbox 980 272 1013 292; x_wconf 91' lang='lat' dir='ltr'>ac</span> <span class='ocrx_word' id='word_1_38' title='bbox 1030 271 1122 302; x_wconf 89' lang='lat' dir='ltr'>prope</span> 
     </span>
     <span class='ocr_line' id='line_1_7' title="bbox 51 305 1121 344; baseline -0.004 -7"><span class='ocrx_word' id='word_1_39' title='bbox 51 306 189 338; x_wconf 81' lang='lat' dir='ltr'>redditam</span> <span class='ocrx_word' id='word_1_40' title='bbox 212 305 351 334; x_wconf 83' lang='lat' dir='ltr'>Romanis</span> <span class='ocrx_word' id='word_1_41' title='bbox 377 306 666 344; x_wconf 82' lang='lat' dir='ltr'>obtestarenturque,</span> <span class='ocrx_word' id='word_1_42' title='bbox 688 310 721 335; x_wconf 91' lang='lat' dir='ltr'>ut</span> <span class='ocrx_word' id='word_1_43' title='bbox 745 310 814 334; x_wconf 87' lang='lat' dir='ltr'>tunc</span> <span class='ocrx_word' id='word_1_44' title='bbox 836 305 936 334; x_wconf 81' lang='lat' dir='ltr'>saltem</span> <span class='ocrx_word' id='word_1_45' title='bbox 960 314 1045 344; x_wconf 82' lang='lat' dir='ltr'>opem</span> <span class='ocrx_word' id='word_1_46' title='bbox 1063 314 1121 334; x_wconf 90' lang='lat' dir='ltr'>non</span> 
     </span>
    </p>
   </div>
   <div class='ocr_carea' id='block_1_5' title="bbox 52 347 906 380">
    <p class='ocr_par' dir='ltr' id='par_1_5' title="bbox 52 347 906 380">
     <span class='ocr_line' id='line_1_8' title="bbox 52 347 906 380; baseline -0.004 -1"><span class='ocrx_word' id='word_1_47' title='bbox 52 348 249 380; x_wconf 82' lang='lat' dir='ltr'>circumsessis</span> <span class='ocrx_word' id='word_1_48' title='bbox 273 348 359 377; x_wconf 91' lang='lat' dir='ltr'>modo</span> <span class='ocrx_word' id='word_1_49' title='bbox 382 348 432 377; x_wconf 91' lang='lat' dir='ltr'>sed</span> <span class='ocrx_word' id='word_1_50' title='bbox 455 349 538 378; x_wconf 86' lang='lat' dir='ltr'>etiam</span> <span class='ocrx_word' id='word_1_51' title='bbox 563 347 784 378; x_wconf 86' lang='lat' dir='ltr'>circumvallatis</span> <span class='ocrx_word' id='word_1_52' title='bbox 809 348 906 376; x_wconf 82' lang='lat' dir='ltr'>ferret.</span> 
     </span>
    </p>
   </div>
   <div class='ocr_carea' id='block_1_6' title="bbox 51 389 1123 473">
    <p class='ocr_par' dir='ltr' id='par_1_6' title="bbox 51 389 1123 473">
     <span class='ocr_line' id='line_1_9' title="bbox 51 389 1123 429; baseline -0.002 -8"><span class='ocrx_word' id='word_1_53' title='bbox 51 391 162 422; x_wconf 83' lang='lat' dir='ltr'>litterae</span> <span class='ocrx_word' id='word_1_54' title='bbox 185 400 200 420; x_wconf 90' lang='lat' dir='ltr'>a</span> <span class='ocrx_word' id='word_1_55' title='bbox 218 390 249 419; x_wconf 88' lang='lat' dir='ltr'>P.</span> <span class='ocrx_word' id='word_1_56' title='bbox 267 390 404 420; x_wconf 89' lang='lat' dir='ltr'>Cornelio</span> <span class='ocrx_word' id='word_1_57' title='bbox 422 395 554 429; x_wconf 87' lang='lat' dir='ltr'>praetore</span> <span class='ocrx_word' id='word_1_58' title='bbox 570 390 689 425; x_wconf 88' lang='lat' dir='ltr'>missae,</span> <span class='ocrx_word' id='word_1_59' title='bbox 714 395 745 419; x_wconf 88' lang='lat' dir='ltr'>ut</span> <span class='ocrx_word' id='word_1_60' title='bbox 769 390 938 429; x_wconf 84' lang='lat' dir='ltr'>priusquam</span> <span class='ocrx_word' id='word_1_61' title='bbox 955 389 1123 419; x_wconf 82' lang='lat' dir='ltr'>clauderent</span> 
     </span>
     <span class='ocr_line' id='line_1_10' title="bbox 53 432 1122 473; baseline -0.002 -10"><span class='ocrx_word' id='word_1_62' title='bbox 53 433 177 473; x_wconf 87' lang='lat' dir='ltr'>Capuam</span> <span class='ocrx_word' id='word_1_63' title='bbox 194 432 348 472; x_wconf 81' lang='lat' dir='ltr'>operibus,</span> <span class='ocrx_word' id='word_1_64' title='bbox 365 437 540 472; x_wconf 86' lang='lat' dir='ltr'>potestatem</span> <span class='ocrx_word' id='word_1_65' title='bbox 557 433 711 472; x_wconf 84' lang='lat' dir='ltr'>Campanis</span> <span class='ocrx_word' id='word_1_66' title='bbox 727 433 872 467; x_wconf 77' lang='lat' dir='ltr'>facerent,</span> <span class='ocrx_word' id='word_1_67' title='bbox 896 437 937 466; x_wconf 84' lang='lat' dir='ltr'>ut,</span> <span class='ocrx_word' id='word_1_68' title='bbox 955 432 1004 471; x_wconf 87' lang='lat' dir='ltr'>qui</span> <span class='ocrx_word' id='word_1_69' title='bbox 1021 441 1122 461; x_wconf 90' lang='lat' dir='ltr'>eorum</span> 
     </span>
    </p>
   </div>
   <div class='ocr_carea' id='block_1_7' title="bbox 51 474 1168 514">
    <p class='ocr_par' dir='ltr' id='par_1_7' title="bbox 51 474 1168 514">
     <span class='ocr_line' id='line_1_11' title="bbox 51 474 1168 514; baseline 0 -9"><span class='ocrx_word' id='word_1_70' title='bbox 51 475 163 509; x_wconf 84' lang='lat' dir='ltr'>vellent,</span> <span class='ocrx_word' id='word_1_71' title='bbox 181 476 292 504; x_wconf 88' lang='lat' dir='ltr'>exirent</span> <span class='ocrx_word' id='word_1_72' title='bbox 307 484 322 504; x_wconf 88' lang='lat' dir='ltr'>a</span> <span class='ocrx_word' id='word_1_73' title='bbox 339 474 436 514; x_wconf 85' lang='lat' dir='ltr'>Capua</span> <span class='ocrx_word' id='word_1_74' title='bbox 452 485 577 514; x_wconf 87' lang='lat' dir='ltr'>suasque</span> <span class='ocrx_word' id='word_1_75' title='bbox 593 484 640 504; x_wconf 91' lang='lat' dir='ltr'>res</span> <span class='ocrx_word' id='word_1_76' title='bbox 663 484 762 504; x_wconf 91' lang='lat' dir='ltr'>secum</span> <span class='ocrx_word' id='word_1_77' title='bbox 787 476 906 504; x_wconf 81' lang='lat' dir='ltr'>ferrent.</span> <span class='ocrx_word' id='word_1_78' title='bbox 936 474 1044 503; x_wconf 91' lang='lat' dir='ltr'>liberos</span> <span class='ocrx_word' id='word_1_79' title='bbox 1060 475 1122 503; x_wconf 83' lang='lat' dir='ltr'>sore</span> <span class='ocrx_word' id='word_1_80' title='bbox 1140 481 1168 505; x_wconf 82' lang='grc'>12</span> 
     </span>
    </p>
   </div>
   <div class='ocr_carea' id='block_1_8' title="bbox 49 517 1124 599">
    <p class='ocr_par' dir='ltr' id='par_1_8' title="bbox 49 517 1124 599">
     <span class='ocr_line' id='line_1_12' title="bbox 50 517 1123 557; baseline -0.002 -9"><span class='ocrx_word' id='word_1_81' title='bbox 50 527 159 557; x_wconf 87' lang='lat' dir='ltr'>suaque</span> <span class='ocrx_word' id='word_1_82' title='bbox 176 517 273 546; x_wconf 85' lang='lat' dir='ltr'>onmia</span> <span class='ocrx_word' id='word_1_83' title='bbox 289 517 450 553; x_wconf 83' lang='lat' dir='ltr'>habituros,</span> <span class='ocrx_word' id='word_1_84' title='bbox 467 518 517 556; x_wconf 90' lang='lat' dir='ltr'>qui</span> <span class='ocrx_word' id='word_1_85' title='bbox 529 522 596 547; x_wconf 77' lang='lat' dir='ltr'>ante</span> <span class='ocrx_word' id='word_1_86' title='bbox 613 517 678 547; x_wconf 87' lang='lat' dir='ltr'>idus</span> <span class='ocrx_word' id='word_1_87' title='bbox 690 517 806 547; x_wconf 83' lang='lat' dir='ltr'>Martias</span> <span class='ocrx_word' id='word_1_88' title='bbox 823 517 964 553; x_wconf 83' lang='lat' dir='ltr'>exissent3</span> <span class='ocrx_word' id='word_1_89' title='bbox 983 521 1049 556; x_wconf 84' lang='lat' dir='ltr'>post</span> <span class='ocrx_word' id='word_1_90' title='bbox 1060 526 1123 546; x_wconf 88' lang='lat' dir='ltr'>eam</span> 
     </span>
     <span class='ocr_line' id='line_1_13' title="bbox 49 559 1124 599; baseline -0.003 -8"><span class='ocrx_word' id='word_1_91' title='bbox 49 560 124 591; x_wconf 86' lang='lat' dir='ltr'>diem</span> <span class='ocrx_word' id='word_1_92' title='bbox 149 560 257 599; x_wconf 86' lang='lat' dir='ltr'>quique</span> <span class='ocrx_word' id='word_1_93' title='bbox 282 560 407 589; x_wconf 83' lang='lat' dir='ltr'>exissent</span> <span class='ocrx_word' id='word_1_94' title='bbox 433 561 541 599; x_wconf 87' lang='lat' dir='ltr'>quique</span> <span class='ocrx_word' id='word_1_95' title='bbox 568 560 606 589; x_wconf 91' lang='lat' dir='ltr'>ibi</span> <span class='ocrx_word' id='word_1_96' title='bbox 634 560 828 595; x_wconf 84' lang='lat' dir='ltr'>mansissent,</span> <span class='ocrx_word' id='word_1_97' title='bbox 860 559 986 589; x_wconf 90' lang='lat' dir='ltr'>hostium</span> <span class='ocrx_word' id='word_1_98' title='bbox 1010 559 1124 589; x_wconf 81' lang='lat' dir='ltr'>futuros</span> 
     </span>
    </p>
   </div>
   <div class='ocr_carea' id='block_1_9' title="bbox 48 601 1170 684">
    <p class='ocr_par' dir='ltr' id='par_1_9' title="bbox 48 601 1170 684">
     <span class='ocr_line' id='line_1_14' title="bbox 50 601 1170 642; baseline -0.001 -9"><span class='ocrx_word' id='word_1_99' title='bbox 50 611 181 634; x_wconf 81' lang='lat' dir='ltr'>numere.</span> <span class='ocrx_word' id='word_1_100' title='bbox 209 612 240 632; x_wconf 90' lang='lat' dir='ltr'>ea</span> <span class='ocrx_word' id='word_1_101' title='bbox 258 603 446 641; x_wconf 88' lang='lat' dir='ltr'>pronuntiata</span> <span class='ocrx_word' id='word_1_102' title='bbox 465 602 619 642; x_wconf 89' lang='lat' dir='ltr'>Campanis</span> <span class='ocrx_word' id='word_1_103' title='bbox 634 607 721 641; x_wconf 87' lang='lat' dir='ltr'>atque</span> <span class='ocrx_word' id='word_1_104' title='bbox 738 602 776 632; x_wconf 88' lang='lat' dir='ltr'>ita</span> <span class='ocrx_word' id='word_1_105' title='bbox 793 607 899 641; x_wconf 81' lang='lat' dir='ltr'>spreta,</span> <span class='ocrx_word' id='word_1_106' title='bbox 916 607 948 631; x_wconf 90' lang='lat' dir='ltr'>ut</span> <span class='ocrx_word' id='word_1_107' title='bbox 963 601 1040 631; x_wconf 88' lang='lat' dir='ltr'>ultro</span> <span class='ocrx_word' id='word_1_108' title='bbox 1053 611 1124 631; x_wconf 88' lang='lat' dir='ltr'>con-</span> <span class='ocrx_word' id='word_1_109' title='bbox 1144 608 1170 632; x_wconf 85' lang='lat'>13</span> 
     </span>
     <span class='ocr_line' id='line_1_15' title="bbox 48 644 614 684; baseline -0.004 -8"><span class='ocrx_word' id='word_1_110' title='bbox 48 645 181 676; x_wconf 84' lang='lat' dir='ltr'>tumelias</span> <span class='ocrx_word' id='word_1_111' title='bbox 203 644 333 674; x_wconf 84' lang='lat' dir='ltr'>dicerent</span> <span class='ocrx_word' id='word_1_112' title='bbox 363 645 614 684; x_wconf 87' lang='lat' dir='ltr'>minarenturque.</span> 
     </span>
    </p>
   </div>
   <div class='ocr_carea' id='block_1_10' title="bbox 48 687 1125 769">
    <p class='ocr_par' dir='ltr' id='par_1_10' title="bbox 48 687 1125 769">
     <span class='ocr_line' id='line_1_16' title="bbox 48 687 1123 726; baseline -0.002 -8"><span class='ocrx_word' id='word_1_113' title='bbox 48 692 165 718; x_wconf 89' lang='lat' dir='ltr'>rentum</span> <span class='ocrx_word' id='word_1_114' title='bbox 181 687 301 717; x_wconf 86' lang='lat' dir='ltr'>duxerat</span> <span class='ocrx_word' id='word_1_115' title='bbox 316 687 447 725; x_wconf 83' lang='lat' dir='ltr'>legiones</span> <span class='ocrx_word' id='word_1_116' title='bbox 462 697 514 726; x_wconf 91' lang='lat' dir='ltr'>spe</span> <span class='ocrx_word' id='word_1_117' title='bbox 530 692 579 717; x_wconf 89' lang='lat' dir='ltr'>aut</span> <span class='ocrx_word' id='word_1_118' title='bbox 595 687 620 716; x_wconf 92' lang='lat' dir='ltr'>vi</span> <span class='ocrx_word' id='word_1_119' title='bbox 637 692 686 717; x_wconf 87' lang='lat' dir='ltr'>aut</span> <span class='ocrx_word' id='word_1_120' title='bbox 702 687 769 716; x_wconf 90' lang='lat' dir='ltr'>dolo</span> <span class='ocrx_word' id='word_1_121' title='bbox 786 687 860 717; x_wconf 87' lang='lat' dir='ltr'>arcis</span> <span class='ocrx_word' id='word_1_122' title='bbox 874 687 1048 716; x_wconf 84' lang='lat' dir='ltr'>Tarentinae</span> <span class='ocrx_word' id='word_1_123' title='bbox 1071 696 1123 726; x_wconf 91' lang='lat' dir='ltr'>po-</span> 
     </span>
     <span class='ocr_line' id='line_1_17' title="bbox 49 729 1125 769; baseline -0.002 -9"><span class='ocrx_word' id='word_1_124' title='bbox 49 729 184 765; x_wconf 88' lang='lat' dir='ltr'>tiundae;</span> <span class='ocrx_word' id='word_1_125' title='bbox 209 730 286 768; x_wconf 88' lang='lat' dir='ltr'>quod</span> <span class='ocrx_word' id='word_1_126' title='bbox 310 729 359 759; x_wconf 90' lang='lat' dir='ltr'>ubi</span> <span class='ocrx_word' id='word_1_127' title='bbox 382 739 484 769; x_wconf 89' lang='lat' dir='ltr'>parum</span> <span class='ocrx_word' id='word_1_128' title='bbox 512 730 670 769; x_wconf 87' lang='lat' dir='ltr'>processit,</span> <span class='ocrx_word' id='word_1_129' title='bbox 697 730 731 759; x_wconf 87' lang='lat' dir='ltr'>ad</span> <span class='ocrx_word' id='word_1_130' title='bbox 754 729 942 759; x_wconf 88' lang='lat' dir='ltr'>Brundisium</span> <span class='ocrx_word' id='word_1_131' title='bbox 964 729 1048 769; x_wconf 60' lang='lat' dir='ltr'>flexit,</span> <span class='ocrx_word' id='word_1_132' title='bbox 1071 730 1125 759; x_wconf 88' lang='lat' dir='ltr'>iter</span> 
     </span>
    </p>
   </div>
   <div class='ocr_carea' id='block_1_11' title="bbox 49 772 1169 812">
    <p class='ocr_par' dir='ltr' id='par_1_11' title="bbox 49 772 1169 812">
     <span class='ocr_line' id='line_1_18' title="bbox 49 772 1169 812; baseline -0.001 -10"><span class='ocrx_word' id='word_1_133' title='bbox 49 772 133 812; x_wconf 87' lang='lat' dir='ltr'>prodi</span> <span class='ocrx_word' id='word_1_134' title='bbox 156 772 182 801; x_wconf 88' lang='lat' dir='ltr'>id</span> <span class='ocrx_word' id='word_1_135' title='bbox 200 772 341 811; x_wconf 90' lang='lat' dir='ltr'>oppidum</span> <span class='ocrx_word' id='word_1_136' title='bbox 358 778 446 802; x_wconf 85' lang='lat' dir='ltr'>ratus.</span> <span class='ocrx_word' id='word_1_137' title='bbox 478 772 517 801; x_wconf 91' lang='lat' dir='ltr'>ibi</span> <span class='ocrx_word' id='word_1_138' title='bbox 534 781 652 811; x_wconf 88' lang='lat' dir='ltr'>quoque</span> <span class='ocrx_word' id='word_1_139' title='bbox 671 782 737 802; x_wconf 88' lang='lat' dir='ltr'>cum</span> <span class='ocrx_word' id='word_1_140' title='bbox 754 772 859 802; x_wconf 80' lang='lat' dir='ltr'>frustra</span> <span class='ocrx_word' id='word_1_141' title='bbox 876 777 983 801; x_wconf 85' lang='lat' dir='ltr'>tereret</span> <span class='ocrx_word' id='word_1_142' title='bbox 999 778 1123 810; x_wconf 83' lang='lat' dir='ltr'>tempus,</span> <span class='ocrx_word' id='word_1_143' title='bbox 1143 777 1169 801; x_wconf 83' lang='lat'>15</span> 
     </span>
    </p>
   </div>
   <div class='ocr_carea' id='block_1_12' title="bbox 48 814 1124 896">
    <p class='ocr_par' dir='ltr' id='par_1_12' title="bbox 48 814 1124 896">
     <span class='ocr_line' id='line_1_19' title="bbox 48 814 1124 853; baseline -0.001 -9"><span class='ocrx_word' id='word_1_144' title='bbox 48 814 134 853; x_wconf 84' lang='lat' dir='ltr'>legati</span> <span class='ocrx_word' id='word_1_145' title='bbox 156 814 294 853; x_wconf 87' lang='lat' dir='ltr'>Campani</span> <span class='ocrx_word' id='word_1_146' title='bbox 319 815 354 844; x_wconf 85' lang='lat' dir='ltr'>ad</span> <span class='ocrx_word' id='word_1_147' title='bbox 382 824 447 844; x_wconf 89' lang='lat' dir='ltr'>eum</span> <span class='ocrx_word' id='word_1_148' title='bbox 472 820 615 844; x_wconf 86' lang='lat' dir='ltr'>venerunt</span> <span class='ocrx_word' id='word_1_149' title='bbox 644 820 800 853; x_wconf 89' lang='lat' dir='ltr'>querentes</span> <span class='ocrx_word' id='word_1_150' title='bbox 826 814 913 844; x_wconf 86' lang='lat' dir='ltr'>simul</span> <span class='ocrx_word' id='word_1_151' title='bbox 940 820 1124 853; x_wconf 86' lang='lat' dir='ltr'>orantesque.</span> 
     </span>
     <span class='ocr_line' id='line_1_20' title="bbox 49 856 1122 896; baseline -0.001 -10"><span class='ocrx_word' id='word_1_152' title='bbox 49 856 157 896; x_wconf 84' lang='lat' dir='ltr'>quibus</span> <span class='ocrx_word' id='word_1_153' title='bbox 169 856 315 886; x_wconf 83' lang='lat' dir='ltr'>Hannibal</span> <span class='ocrx_word' id='word_1_154' title='bbox 332 857 486 895; x_wconf 82' lang='lat' dir='ltr'>magnifice</span> <span class='ocrx_word' id='word_1_155' title='bbox 501 856 652 896; x_wconf 89' lang='lat' dir='ltr'>respondit</span> <span class='ocrx_word' id='word_1_156' title='bbox 669 862 696 887; x_wconf 89' lang='lat' dir='ltr'>et</span> <span class='ocrx_word' id='word_1_157' title='bbox 711 862 795 887; x_wconf 84' lang='lat' dir='ltr'>antea</span> <span class='ocrx_word' id='word_1_158' title='bbox 812 866 842 886; x_wconf 90' lang='lat' dir='ltr'>se</span> <span class='ocrx_word' id='word_1_159' title='bbox 859 857 976 886; x_wconf 85' lang='lat' dir='ltr'>solvisse</span> <span class='ocrx_word' id='word_1_160' title='bbox 994 856 1122 886; x_wconf 89' lang='lat' dir='ltr'>ohsidio-</span> 
     </span>
    </p>
   </div>
   <div class='ocr_carea' id='block_1_13' title="bbox 48 899 1169 938">
    <p class='ocr_par' dir='ltr' id='par_1_13' title="bbox 48 899 1169 938">
     <span class='ocr_line' id='line_1_21' title="bbox 48 899 1169 938; baseline 0.001 -10"><span class='ocrx_word' id='word_1_161' title='bbox 48 908 116 929; x_wconf 88' lang='lat' dir='ltr'>nem</span> <span class='ocrx_word' id='word_1_162' title='bbox 133 904 160 929; x_wconf 86' lang='lat' dir='ltr'>et</span> <span class='ocrx_word' id='word_1_163' title='bbox 176 908 256 928; x_wconf 87' lang='lat' dir='ltr'>nunc</span> <span class='ocrx_word' id='word_1_164' title='bbox 271 899 426 929; x_wconf 85' lang='lat' dir='ltr'>adventum</span> <span class='ocrx_word' id='word_1_165' title='bbox 443 908 529 929; x_wconf 87' lang='lat' dir='ltr'>suum</span> <span class='ocrx_word' id='word_1_166' title='bbox 546 899 681 929; x_wconf 90' lang='lat' dir='ltr'>consules</span> <span class='ocrx_word' id='word_1_167' title='bbox 700 909 760 929; x_wconf 89' lang='lat' dir='ltr'>non</span> <span class='ocrx_word' id='word_1_168' title='bbox 776 899 896 929; x_wconf 85' lang='lat' dir='ltr'>laturos.</span> <span class='ocrx_word' id='word_1_169' title='bbox 928 908 994 929; x_wconf 88' lang='lat' dir='ltr'>cum</span> <span class='ocrx_word' id='word_1_170' title='bbox 1007 899 1060 928; x_wconf 87' lang='lat' dir='ltr'>hac</span> <span class='ocrx_word' id='word_1_171' title='bbox 1072 909 1124 938; x_wconf 88' lang='lat' dir='ltr'>spe</span> <span class='ocrx_word' id='word_1_172' title='bbox 1141 904 1169 929; x_wconf 83' lang='lat'>16</span> 
     </span>
    </p>
   </div>
   <div class='ocr_carea' id='block_1_14' title="bbox 48 941 1124 982">
    <p class='ocr_par' dir='ltr' id='par_1_14' title="bbox 48 941 1124 982">
     <span class='ocr_line' id='line_1_22' title="bbox 48 941 1124 982; baseline 0.001 -12"><span class='ocrx_word' id='word_1_173' title='bbox 48 942 158 971; x_wconf 87' lang='lat' dir='ltr'>dimissi</span> <span class='ocrx_word' id='word_1_174' title='bbox 174 941 259 980; x_wconf 86' lang='lat' dir='ltr'>legati</span> <span class='ocrx_word' id='word_1_175' title='bbox 273 942 317 971; x_wconf 87' lang='lat' dir='ltr'>vix</span> <span class='ocrx_word' id='word_1_176' title='bbox 332 942 446 981; x_wconf 82' lang='lat' dir='ltr'>regredi</span> <span class='ocrx_word' id='word_1_177' title='bbox 464 942 592 981; x_wconf 85' lang='lat' dir='ltr'>Capuam</span> <span class='ocrx_word' id='word_1_178' title='bbox 609 942 666 971; x_wconf 88' lang='lat' dir='ltr'>iam</span> <span class='ocrx_word' id='word_1_179' title='bbox 682 942 792 982; x_wconf 83' lang='lat' dir='ltr'>duplici</span> <span class='ocrx_word' id='word_1_180' title='bbox 804 942 877 971; x_wconf 72' lang='lat' dir='ltr'>t&#39;ossa</span> <span class='ocrx_word' id='word_1_181' title='bbox 894 941 1027 981; x_wconf 83' lang='lat' dir='ltr'>valloque</span> <span class='ocrx_word' id='word_1_182' title='bbox 1044 942 1124 971; x_wconf 89' lang='lat' dir='ltr'>cinc-</span> 
     </span>
    </p>
   </div>
   <div class='ocr_carea' id='block_1_15' title="bbox 49 988 295 1023">
    <p class='ocr_par' dir='ltr' id='par_1_15' title="bbox 49 988 295 1023">
     <span class='ocr_line' id='line_1_23' title="bbox 49 988 295 1023; baseline -0.008 -9"><span class='ocrx_word' id='word_1_183' title='bbox 49 988 108 1014; x_wconf 88' lang='lat' dir='ltr'>tam</span> <span class='ocrx_word' id='word_1_184' title='bbox 125 988 295 1023; x_wconf 87' lang='lat' dir='ltr'>potuerunt.</span> 
     </span>
    </p>
   </div>
   <div class='ocr_carea' id='block_1_16' title="bbox 133 1026 1166 1066">
    <p class='ocr_par' dir='ltr' id='par_1_16' title="bbox 133 1026 1166 1066">
     <span class='ocr_line' id='line_1_24' title="bbox 133 1026 1166 1066; baseline 0.001 -11"><span class='ocrx_word' id='word_1_185' title='bbox 133 1026 205 1055; x_wconf 91' lang='lat' dir='ltr'>Cum</span> <span class='ocrx_word' id='word_1_186' title='bbox 221 1035 355 1056; x_wconf 86' lang='lat' dir='ltr'>maxume</span> <span class='ocrx_word' id='word_1_187' title='bbox 373 1026 470 1066; x_wconf 82' lang='lat' dir='ltr'>Capua</span> <span class='ocrx_word' id='word_1_188' title='bbox 487 1026 771 1062; x_wconf 85' lang='lat' dir='ltr'>circumvallaretur‚</span> <span class='ocrx_word' id='word_1_189' title='bbox 794 1027 1003 1065; x_wconf 80' lang='lat' dir='ltr'>Syracusarum</span> <span class='ocrx_word' id='word_1_190' title='bbox 1027 1029 1166 1066; x_wconf 78' lang='lat' dir='ltr'>oppu-23</span> 
     </span>
    </p>
   </div>
   <div class='ocr_carea' id='block_1_17' title="bbox 47 1084 562 1963">
    <p class='ocr_par' dir='ltr' id='par_1_17' title="bbox 47 1084 559 1286">
     <span class='ocr_line' id='line_1_25' title="bbox 47 1084 558 1117; baseline -0.004 -7"><span class='ocrx_word' id='word_1_191' title='bbox 47 1084 305 1117; x_wconf 80' lang='lat' dir='ltr'>entgegenzustellen.</span> <span class='ocrx_word' id='word_1_192' title='bbox 331 1098 364 1102; x_wconf 86' lang='lat'>--</span> <span class='ocrx_word' id='word_1_193' title='bbox 391 1086 476 1116; x_wconf 77' lang='lat' dir='ltr'>pot-tis</span> <span class='ocrx_word' id='word_1_194' title='bbox 502 1093 558 1108; x_wconf 84' lang='lat' dir='ltr'>mu-</span> 
     </span>
     <span class='ocr_line' id='line_1_26' title="bbox 48 1118 558 1150; baseline 0 -8"><span class='ocrx_word' id='word_1_195' title='bbox 48 1119 139 1150; x_wconf 81' lang='lat' dir='ltr'>roque]</span> <span class='ocrx_word' id='word_1_196' title='bbox 164 1125 193 1143; x_wconf 86' lang='lat' dir='ltr'>so</span> <span class='ocrx_word' id='word_1_197' title='bbox 216 1118 377 1150; x_wconf 73' lang='lat' dir='ltr'>gewolinlich</span> <span class='ocrx_word' id='word_1_198' title='bbox 408 1118 452 1143; x_wconf 85' lang='lat' dir='ltr'>der</span> <span class='ocrx_word' id='word_1_199' title='bbox 476 1118 558 1143; x_wconf 79' lang='lat' dir='ltr'>blol&#39;se</span> 
     </span>
     <span class='ocr_line' id='line_1_27' title="bbox 49 1152 559 1177; baseline -0.002 0"><span class='ocrx_word' id='word_1_200' title='bbox 49 1152 149 1177; x_wconf 77' lang='lat' dir='ltr'>Ablativ</span> <span class='ocrx_word' id='word_1_201' title='bbox 168 1152 207 1176; x_wconf 86' lang='lat' dir='ltr'>bei</span> <span class='ocrx_word' id='word_1_202' title='bbox 225 1160 252 1176; x_wconf 78' lang='lat' dir='ltr'>se</span> <span class='ocrx_word' id='word_1_203' title='bbox 271 1154 406 1176; x_wconf 77' lang='lat' dir='ltr'>continere</span> <span class='ocrx_word' id='word_1_204' title='bbox 419 1152 469 1177; x_wconf 91' lang='lat' dir='ltr'>und</span> <span class='ocrx_word' id='word_1_205' title='bbox 483 1161 510 1176; x_wconf 81' lang='lat' dir='ltr'>se</span> <span class='ocrx_word' id='word_1_206' title='bbox 523 1155 559 1176; x_wconf 79' lang='lat' dir='ltr'>te-</span> 
     </span>
     <span class='ocr_line' id='line_1_28' title="bbox 48 1187 558 1216; baseline 0.004 -6"><span class='ocrx_word' id='word_1_207' title='bbox 48 1194 121 1215; x_wconf 55' lang='lat' dir='ltr'>net-en</span> <span class='ocrx_word' id='word_1_208' title='bbox 144 1193 165 1211; x_wconf 87' lang='lat' dir='ltr'>s.</span> <span class='ocrx_word' id='word_1_209' title='bbox 187 1187 227 1216; x_wconf 70' lang='lat'>24,</span> <span class='ocrx_word' id='word_1_210' title='bbox 249 1187 286 1216; x_wconf 66' lang='lat' dir='ltr'>l&#39;t&#39;,</span> <span class='ocrx_word' id='word_1_211' title='bbox 307 1188 333 1214; x_wconf 71' lang='grc' dir='ltr'>ὃς</span> <span class='ocrx_word' id='word_1_212' title='bbox 360 1194 390 1211; x_wconf 90' lang='lat' dir='ltr'>zu</span> <span class='ocrx_word' id='word_1_213' title='bbox 409 1187 450 1216; x_wconf 87' lang='lat'>31,</span> <span class='ocrx_word' id='word_1_214' title='bbox 469 1187 508 1216; x_wconf 83' lang='grc'>26,</span> <span class='ocrx_word' id='word_1_215' title='bbox 529 1188 558 1215; x_wconf 74' lang='grc' dir='ltr'>ὃς</span> 
     </span>
     <span class='ocr_line' id='line_1_29' title="bbox 48 1220 559 1252; baseline 0 -7"><span class='ocrx_word' id='word_1_216' title='bbox 48 1220 163 1252; x_wconf 78' lang='lat' dir='ltr'>dagegen</span> <span class='ocrx_word' id='word_1_217' title='bbox 183 1220 311 1249; x_wconf 78' lang='lat'>36,1·.&#39;‚9:</span> <span class='ocrx_word' id='word_1_218' title='bbox 331 1221 359 1244; x_wconf 78' lang='lat' dir='ltr'>in</span> <span class='ocrx_word' id='word_1_219' title='bbox 379 1222 482 1244; x_wconf 73' lang='lat' dir='ltr'>castr-is.</span> <span class='ocrx_word' id='word_1_220' title='bbox 510 1220 559 1245; x_wconf 86' lang='lat' dir='ltr'>Zur</span> 
     </span>
     <span class='ocr_line' id='line_1_30' title="bbox 48 1253 343 1286; baseline 0 -7"><span class='ocrx_word' id='word_1_221' title='bbox 48 1253 128 1279; x_wconf 83' lang='lat' dir='ltr'>Sache</span> <span class='ocrx_word' id='word_1_222' title='bbox 146 1254 198 1286; x_wconf 80' lang='lat' dir='ltr'>vgl.</span> <span class='ocrx_word' id='word_1_223' title='bbox 217 1254 258 1284; x_wconf 79' lang='grc'>26,</span> <span class='ocrx_word' id='word_1_224' title='bbox 276 1255 300 1283; x_wconf 75' lang='grc'><strong>4,</strong></span> <span class='ocrx_word' id='word_1_225' title='bbox 320 1255 343 1279; x_wconf 88' lang='grc'>3.</span> 
     </span>
    </p>

    <p class='ocr_par' dir='ltr' id='par_1_18' title="bbox 48 1287 560 1557">
     <span class='ocr_line' id='line_1_31' title="bbox 85 1287 557 1320; baseline 0 -7"><span class='ocrx_word' id='word_1_226' title='bbox 85 1289 122 1313; x_wconf 88' lang='lat'>10.</span> <span class='ocrx_word' id='word_1_227' title='bbox 142 1287 374 1320; x_wconf 76' lang='lat' dir='ltr'>continuarentur]</span> <span class='ocrx_word' id='word_1_228' title='bbox 394 1295 414 1312; x_wconf 91' lang='lat' dir='ltr'>s.</span> <span class='ocrx_word' id='word_1_229' title='bbox 426 1289 467 1318; x_wconf 86' lang='lat'>23,</span> <span class='ocrx_word' id='word_1_230' title='bbox 480 1289 519 1318; x_wconf 81' lang='grc'>17,</span> <span class='ocrx_word' id='word_1_231' title='bbox 531 1290 557 1317; x_wconf 69' lang='grc' dir='ltr'>ὃς</span> 
     </span>
     <span class='ocr_line' id='line_1_32' title="bbox 49 1321 560 1353; baseline -0.004 -6"><span class='ocrx_word' id='word_1_232' title='bbox 49 1321 134 1347; x_wconf 81' lang='lat' dir='ltr'>hierzu</span> <span class='ocrx_word' id='word_1_233' title='bbox 148 1321 180 1346; x_wconf 87' lang='lat' dir='ltr'>ist</span> <span class='ocrx_word' id='word_1_234' title='bbox 192 1321 322 1346; x_wconf 81' lang='lat' dir='ltr'>entweder</span> <span class='ocrx_word' id='word_1_235' title='bbox 335 1322 458 1353; x_wconf 75' lang='lat' dir='ltr'>operibus</span> <span class='ocrx_word' id='word_1_236' title='bbox 477 1329 508 1346; x_wconf 92' lang='lat' dir='ltr'>zu</span> <span class='ocrx_word' id='word_1_237' title='bbox 522 1329 560 1346; x_wconf 86' lang='lat' dir='ltr'>er-</span> 
     </span>
     <span class='ocr_line' id='line_1_33' title="bbox 49 1355 558 1388; baseline 0 -8"><span class='ocrx_word' id='word_1_238' title='bbox 49 1356 144 1388; x_wconf 70' lang='lat' dir='ltr'>gfinzen</span> <span class='ocrx_word' id='word_1_239' title='bbox 155 1356 185 1386; x_wconf 87' lang='lat' dir='ltr'>(s.</span> <span class='ocrx_word' id='word_1_240' title='bbox 201 1358 272 1386; x_wconf 73' lang='lat'>1‚4⁴,</span> <span class='ocrx_word' id='word_1_241' title='bbox 283 1357 316 1385; x_wconf 75' lang='lat'>4),</span> <span class='ocrx_word' id='word_1_242' title='bbox 336 1355 396 1380; x_wconf 83' lang='lat' dir='ltr'>oder</span> <span class='ocrx_word' id='word_1_243' title='bbox 415 1355 460 1380; x_wconf 91' lang='lat' dir='ltr'>das</span> <span class='ocrx_word' id='word_1_244' title='bbox 470 1355 558 1380; x_wconf 82' lang='lat' dir='ltr'>Passiv</span> 
     </span>
     <span class='ocr_line' id='line_1_34' title="bbox 48 1389 559 1421; baseline -0.002 -7"><span class='ocrx_word' id='word_1_245' title='bbox 48 1389 81 1415; x_wconf 82' lang='lat' dir='ltr'>ist</span> <span class='ocrx_word' id='word_1_246' title='bbox 99 1389 214 1421; x_wconf 83' lang='lat' dir='ltr'>reciprok</span> <span class='ocrx_word' id='word_1_247' title='bbox 228 1397 258 1414; x_wconf 91' lang='lat' dir='ltr'>zu</span> <span class='ocrx_word' id='word_1_248' title='bbox 272 1390 379 1414; x_wconf 82' lang='lat' dir='ltr'>nehmen</span> <span class='ocrx_word' id='word_1_249' title='bbox 398 1390 520 1420; x_wconf 81' lang='lat' dir='ltr'>(=inle1=</span> <span class='ocrx_word' id='word_1_250' title='bbox 532 1398 559 1413; x_wconf 82' lang='lat' dir='ltr'>se</span> 
     </span>
     <span class='ocr_line' id='line_1_35' title="bbox 50 1423 558 1453; baseline 0 -5"><span class='ocrx_word' id='word_1_251' title='bbox 50 1425 291 1453; x_wconf 76' lang='lat' dir='ltr'>continuarentur),</span> <span class='ocrx_word' id='word_1_252' title='bbox 310 1423 359 1448; x_wconf 89' lang='lat' dir='ltr'>wie</span> <span class='ocrx_word' id='word_1_253' title='bbox 371 1424 412 1453; x_wconf 81' lang='grc'>27,</span> <span class='ocrx_word' id='word_1_254' title='bbox 426 1425 463 1451; x_wconf 87' lang='grc'>17,</span> <span class='ocrx_word' id='word_1_255' title='bbox 473 1425 486 1448; x_wconf 87' lang='lat'>5</span> <span class='ocrx_word' id='word_1_256' title='bbox 501 1431 525 1448; x_wconf 91' lang='lat' dir='ltr'>u.</span> <span class='ocrx_word' id='word_1_257' title='bbox 536 1431 558 1448; x_wconf 84' lang='lat' dir='ltr'>a.</span> 
     </span>
     <span class='ocr_line' id='line_1_36' title="bbox 48 1456 559 1487; baseline 0.002 -6"><span class='ocrx_word' id='word_1_258' title='bbox 48 1471 81 1476; x_wconf 92' lang='lat'><strong>—</strong></span> <span class='ocrx_word' id='word_1_259' title='bbox 104 1457 245 1487; x_wconf 74' lang='lat' dir='ltr'>redditam]</span> <span class='ocrx_word' id='word_1_260' title='bbox 275 1457 307 1482; x_wconf 83' lang='lat' dir='ltr'>ist</span> <span class='ocrx_word' id='word_1_261' title='bbox 334 1456 559 1482; x_wconf 78' lang='lat' dir='ltr'>naehdrficklieher</span> 
     </span>
     <span class='ocr_line' id='line_1_37' title="bbox 49 1490 560 1523; baseline 0 -7"><span class='ocrx_word' id='word_1_262' title='bbox 49 1491 86 1516; x_wconf 72' lang='lat' dir='ltr'>als</span> <span class='ocrx_word' id='word_1_263' title='bbox 105 1491 242 1521; x_wconf 77' lang='lat' dir='ltr'>traditam,</span> <span class='ocrx_word' id='word_1_264' title='bbox 253 1503 286 1512; x_wconf 86' lang='lat'>=</span> <span class='ocrx_word' id='word_1_265' title='bbox 298 1491 432 1523; x_wconf 83' lang='lat' dir='ltr'>sreiwillig,</span> <span class='ocrx_word' id='word_1_266' title='bbox 451 1490 560 1516; x_wconf 85' lang='lat' dir='ltr'>absicht-</span> 
     </span>
     <span class='ocr_line' id='line_1_38' title="bbox 48 1524 527 1557; baseline -0.002 -7"><span class='ocrx_word' id='word_1_267' title='bbox 48 1524 97 1550; x_wconf 85' lang='lat' dir='ltr'>lich</span> <span class='ocrx_word' id='word_1_268' title='bbox 111 1524 186 1550; x_wconf 88' lang='lat' dir='ltr'>ihnen</span> <span class='ocrx_word' id='word_1_269' title='bbox 200 1524 295 1549; x_wconf 84' lang='lat' dir='ltr'>wieder</span> <span class='ocrx_word' id='word_1_270' title='bbox 308 1525 527 1557; x_wconf 77' lang='lat' dir='ltr'>zuriickgegeben.</span> 
     </span>
    </p>

    <p class='ocr_par' dir='ltr' id='par_1_19' title="bbox 49 1559 561 1693">
     <span class='ocr_line' id='line_1_39' title="bbox 85 1559 561 1591; baseline 0 -7"><span class='ocrx_word' id='word_1_271' title='bbox 85 1560 123 1584; x_wconf 82' lang='lat'>11.</span> <span class='ocrx_word' id='word_1_272' title='bbox 143 1567 158 1583; x_wconf 79' lang='lat' dir='ltr'><em>a</em></span> <span class='ocrx_word' id='word_1_273' title='bbox 173 1579 179 1584; x_wconf 95' lang='lat'>.</span> <span class='ocrx_word' id='word_1_274' title='bbox 196 1579 202 1584; x_wconf 94' lang='lat'>.</span> <span class='ocrx_word' id='word_1_275' title='bbox 219 1559 352 1591; x_wconf 73' lang='lat' dir='ltr'>praetore]</span> <span class='ocrx_word' id='word_1_276' title='bbox 379 1559 412 1583; x_wconf 92' lang='lat' dir='ltr'>im</span> <span class='ocrx_word' id='word_1_277' title='bbox 439 1559 561 1591; x_wconf 82' lang='lat' dir='ltr'>Auftrage</span> 
     </span>
     <span class='ocr_line' id='line_1_40' title="bbox 50 1592 559 1624; baseline 0 -6"><span class='ocrx_word' id='word_1_278' title='bbox 50 1592 93 1618; x_wconf 84' lang='lat' dir='ltr'>des</span> <span class='ocrx_word' id='word_1_279' title='bbox 111 1592 212 1621; x_wconf 71' lang='lat' dir='ltr'>Senats:</span> <span class='ocrx_word' id='word_1_280' title='bbox 233 1593 284 1624; x_wconf 75' lang='lat' dir='ltr'>vgl.</span> <span class='ocrx_word' id='word_1_281' title='bbox 305 1595 346 1623; x_wconf 69' lang='lat'>41,</span> <span class='ocrx_word' id='word_1_282' title='bbox 366 1594 394 1621; x_wconf 87' lang='lat' dir='ltr'>S;</span> <span class='ocrx_word' id='word_1_283' title='bbox 413 1594 454 1623; x_wconf 83' lang='lat'>22,</span> <span class='ocrx_word' id='word_1_284' title='bbox 474 1594 514 1623; x_wconf 85' lang='lat'>33,</span> <span class='ocrx_word' id='word_1_285' title='bbox 533 1594 559 1621; x_wconf 76' lang='lat'>9;</span> 
     </span>
     <span class='ocr_line' id='line_1_41' title="bbox 49 1627 561 1659; baseline -0.002 -7"><span class='ocrx_word' id='word_1_286' title='bbox 49 1627 90 1657; x_wconf 76' lang='lat'>26,</span> <span class='ocrx_word' id='word_1_287' title='bbox 108 1627 145 1658; x_wconf 79' lang='grc'>12,</span> <span class='ocrx_word' id='word_1_288' title='bbox 159 1629 186 1652; x_wconf 83' lang='lat'>5:</span> <span class='ocrx_word' id='word_1_289' title='bbox 206 1627 321 1651; x_wconf 75' lang='lat' dir='ltr'>edictum</span> <span class='ocrx_word' id='word_1_290' title='bbox 339 1627 508 1659; x_wconf 68' lang='lat' dir='ltr'>proconsulis</span> <span class='ocrx_word' id='word_1_291' title='bbox 528 1635 561 1651; x_wconf 65' lang='lat' dir='ltr'>ea:</span> 
     </span>
     <span class='ocr_line' id='line_1_42' title="bbox 49 1661 561 1693; baseline 0.002 -9"><span class='ocrx_word' id='word_1_292' title='bbox 49 1663 157 1685; x_wconf 69' lang='lat' dir='ltr'>senalus</span> <span class='ocrx_word' id='word_1_293' title='bbox 185 1661 305 1685; x_wconf 74' lang='lat' dir='ltr'>consulto</span> <span class='ocrx_word' id='word_1_294' title='bbox 333 1663 508 1693; x_wconf 79' lang='lat' dir='ltr'>propositum.</span> <span class='ocrx_word' id='word_1_295' title='bbox 529 1675 561 1679; x_wconf 84' lang='lat'><strong>—</strong></span> 
     </span>
    </p>

    <p class='ocr_par' dir='ltr' id='par_1_20' title="bbox 68 1694 561 1727">
     <span class='ocr_line' id='line_1_43' title="bbox 68 1694 561 1727; baseline 0 -8"><span class='ocrx_word' id='word_1_296' title='bbox 68 1697 202 1719; x_wconf 63' lang='lat' dir='ltr'>vinealem</span> <span class='ocrx_word' id='word_1_297' title='bbox 218 1714 238 1720; x_wconf 93' lang='lat'>..</span> <span class='ocrx_word' id='word_1_298' title='bbox 253 1694 382 1725; x_wconf 75' lang='lat' dir='ltr'>facet-ent]</span> <span class='ocrx_word' id='word_1_299' title='bbox 402 1707 435 1716; x_wconf 91' lang='lat'>=</span> <span class='ocrx_word' id='word_1_300' title='bbox 452 1697 561 1727; x_wconf 76' lang='lat' dir='ltr'>permit-</span> 
     </span>
    </p>

    <p class='ocr_par' dir='ltr' id='par_1_21' title="bbox 51 1728 562 1829">
     <span class='ocr_line' id='line_1_44' title="bbox 51 1728 562 1761; baseline 0.004 -9"><span class='ocrx_word' id='word_1_301' title='bbox 51 1730 142 1754; x_wconf 73' lang='lat' dir='ltr'>terent,</span> <span class='ocrx_word' id='word_1_302' title='bbox 159 1743 192 1747; x_wconf 89' lang='lat'><strong>—</strong></span> <span class='ocrx_word' id='word_1_303' title='bbox 211 1730 316 1753; x_wconf 63' lang='lat' dir='ltr'>emir-ent</span> <span class='ocrx_word' id='word_1_304' title='bbox 334 1737 349 1753; x_wconf 80' lang='lat' dir='ltr'>a</span> <span class='ocrx_word' id='word_1_305' title='bbox 371 1728 470 1761; x_wconf 80' lang='lat' dir='ltr'>Capua]</span> <span class='ocrx_word' id='word_1_306' title='bbox 490 1730 562 1760; x_wconf 78' lang='lat' dir='ltr'>s.·21,</span> 
     </span>
     <span class='ocr_line' id='line_1_45' title="bbox 52 1762 559 1794; baseline 0.002 -7"><span class='ocrx_word' id='word_1_307' title='bbox 52 1762 90 1793; x_wconf 82' lang='lat'>13,</span> <span class='ocrx_word' id='word_1_308' title='bbox 110 1764 136 1787; x_wconf 83' lang='lat'>7:</span> <span class='ocrx_word' id='word_1_309' title='bbox 157 1763 188 1786; x_wconf 79' lang='lat' dir='ltr'>ab</span> <span class='ocrx_word' id='word_1_310' title='bbox 208 1762 331 1794; x_wconf 76' lang='lat' dir='ltr'>Sagunto</span> <span class='ocrx_word' id='word_1_311' title='bbox 350 1764 438 1791; x_wconf 55' lang='lat' dir='ltr'>exirm</span> <span class='ocrx_word' id='word_1_312' title='bbox 459 1764 499 1793; x_wconf 84' lang='lat'>23,</span> <span class='ocrx_word' id='word_1_313' title='bbox 522 1764 559 1794; x_wconf 86' lang='lat' dir='ltr'>lS,</span> 
     </span>
     <span class='ocr_line' id='line_1_46' title="bbox 52 1796 479 1829; baseline 0.002 -8"><span class='ocrx_word' id='word_1_314' title='bbox 52 1796 83 1821; x_wconf 85' lang='lat'>14</span> <span class='ocrx_word' id='word_1_315' title='bbox 101 1803 125 1820; x_wconf 87' lang='lat' dir='ltr'>u.</span> <span class='ocrx_word' id='word_1_316' title='bbox 145 1803 180 1824; x_wconf 59' lang='grc' dir='ltr'>τις</span> <span class='ocrx_word' id='word_1_317' title='bbox 200 1796 251 1829; x_wconf 76' lang='lat' dir='ltr'>vgl.</span> <span class='ocrx_word' id='word_1_318' title='bbox 270 1804 300 1821; x_wconf 87' lang='lat' dir='ltr'>zu</span> <span class='ocrx_word' id='word_1_319' title='bbox 321 1798 360 1828; x_wconf 77' lang='lat'>24,</span> <span class='ocrx_word' id='word_1_320' title='bbox 379 1799 420 1827; x_wconf 73' lang='lat'>40,</span> <span class='ocrx_word' id='word_1_321' title='bbox 442 1799 479 1821; x_wconf 87' lang='grc'>11.</span> 
     </span>
    </p>

    <p class='ocr_par' dir='ltr' id='par_1_22' title="bbox 51 1830 560 1963">
     <span class='ocr_line' id='line_1_47' title="bbox 87 1830 559 1862; baseline 0.002 -8"><span class='ocrx_word' id='word_1_322' title='bbox 87 1830 124 1855; x_wconf 87' lang='grc'>12.</span> <span class='ocrx_word' id='word_1_323' title='bbox 145 1833 206 1854; x_wconf 76' lang='lat' dir='ltr'>ante</span> <span class='ocrx_word' id='word_1_324' title='bbox 225 1830 284 1854; x_wconf 73' lang='lat' dir='ltr'>idus</span> <span class='ocrx_word' id='word_1_325' title='bbox 303 1831 426 1862; x_wconf 72' lang='lat' dir='ltr'>,nm-tias]</span> <span class='ocrx_word' id='word_1_326' title='bbox 447 1830 488 1855; x_wconf 84' lang='lat' dir='ltr'>die</span> <span class='ocrx_word' id='word_1_327' title='bbox 502 1831 559 1856; x_wconf 90' lang='lat' dir='ltr'>Um-</span> 
     </span>
     <span class='ocr_line' id='line_1_48' title="bbox 51 1863 559 1897; baseline 0.004 -10"><span class='ocrx_word' id='word_1_328' title='bbox 51 1863 163 1896; x_wconf 84' lang='lat' dir='ltr'>wallung</span> <span class='ocrx_word' id='word_1_329' title='bbox 181 1864 248 1889; x_wconf 81' lang='lat' dir='ltr'>murs</span> <span class='ocrx_word' id='word_1_330' title='bbox 267 1864 320 1889; x_wconf 89' lang='lat' dir='ltr'>also</span> <span class='ocrx_word' id='word_1_331' title='bbox 340 1872 421 1897; x_wconf 81' lang='lat' dir='ltr'>gegen</span> <span class='ocrx_word' id='word_1_332' title='bbox 435 1864 480 1889; x_wconf 89' lang='lat' dir='ltr'>das</span> <span class='ocrx_word' id='word_1_333' title='bbox 491 1865 559 1889; x_wconf 85' lang='lat' dir='ltr'>Ende</span> 
     </span>
     <span class='ocr_line' id='line_1_49' title="bbox 51 1895 558 1931; baseline 0.002 -10"><span class='ocrx_word' id='word_1_334' title='bbox 51 1895 94 1922; x_wconf 81' lang='lat' dir='ltr'>des</span> <span class='ocrx_word' id='word_1_335' title='bbox 105 1896 194 1923; x_wconf 80' lang='lat' dir='ltr'>Jahres</span> <span class='ocrx_word' id='word_1_336' title='bbox 207 1898 349 1930; x_wconf 79' lang='lat' dir='ltr'>geschehen</span> <span class='ocrx_word' id='word_1_337' title='bbox 367 1899 428 1924; x_wconf 86' lang='lat' dir='ltr'>sein.</span> <span class='ocrx_word' id='word_1_338' title='bbox 448 1913 482 1916; x_wconf 96' lang='lat'><strong>—</strong></span> <span class='ocrx_word' id='word_1_339' title='bbox 500 1907 558 1931; x_wconf 83' lang='lat' dir='ltr'>quz-</span> 
     </span>
     <span class='ocr_line' id='line_1_50' title="bbox 51 1933 560 1963; baseline 0.006 -8"><span class='ocrx_word' id='word_1_340' title='bbox 51 1933 249 1963; x_wconf 75' lang='lat' dir='ltr'>que..que&#39;que]</span> <span class='ocrx_word' id='word_1_341' title='bbox 269 1940 289 1957; x_wconf 88' lang='lat' dir='ltr'>s.</span> <span class='ocrx_word' id='word_1_342' title='bbox 313 1934 333 1963; x_wconf 90' lang='lat'>1,</span> <span class='ocrx_word' id='word_1_343' title='bbox 351 1934 391 1963; x_wconf 81' lang='lat'>55,</span> <span class='ocrx_word' id='word_1_344' title='bbox 410 1935 439 1961; x_wconf 77' lang='lat'>6;</span> <span class='ocrx_word' id='word_1_345' title='bbox 460 1934 500 1963; x_wconf 85' lang='grc'>22,</span> <span class='ocrx_word' id='word_1_346' title='bbox 519 1934 560 1963; x_wconf 80' lang='grc'>26,</span> 
     </span>
    </p>
   </div>
   <div class='ocr_carea' id='block_1_18' title="bbox 610 1084 1126 1966">
    <p class='ocr_par' dir='ltr' id='par_1_23' title="bbox 610 1084 1125 1183">
     <span class='ocr_line' id='line_1_51' title="bbox 611 1084 1124 1117; baseline 0 -8"><span class='ocrx_word' id='word_1_347' title='bbox 611 1086 638 1113; x_wconf 84' lang='lat'>5;</span> <span class='ocrx_word' id='word_1_348' title='bbox 658 1084 848 1117; x_wconf 80' lang='lat' dir='ltr'>vgl.Sa11.Jug.</span> <span class='ocrx_word' id='word_1_349' title='bbox 863 1086 901 1115; x_wconf 82' lang='lat'>10,</span> <span class='ocrx_word' id='word_1_350' title='bbox 911 1085 935 1109; x_wconf 78' lang='lat'>⁶2.</span> <span class='ocrx_word' id='word_1_351' title='bbox 953 1098 986 1102; x_wconf 97' lang='lat'><strong>—</strong></span> <span class='ocrx_word' id='word_1_352' title='bbox 1005 1085 1124 1116; x_wconf 75' lang='lat' dir='ltr'>numero]</span> 
     </span>
     <span class='ocr_line' id='line_1_52' title="bbox 610 1115 1125 1150; baseline 0.002 -8"><span class='ocrx_word' id='word_1_353' title='bbox 610 1118 656 1142; x_wconf 85' lang='lat' dir='ltr'>mit</span> <span class='ocrx_word' id='word_1_354' title='bbox 675 1118 858 1150; x_wconf 72' lang='lat' dir='ltr'>personlichem</span> <span class='ocrx_word' id='word_1_355' title='bbox 870 1118 930 1143; x_wconf 82' lang='lat' dir='ltr'>Gen.</span> <span class='ocrx_word' id='word_1_356' title='bbox 950 1115 1070 1149; x_wconf 81' lang='lat' dir='ltr'>(=‘als’)</span> <span class='ocrx_word' id='word_1_357' title='bbox 1089 1118 1125 1143; x_wconf 84' lang='lat' dir='ltr'>oft</span> 
     </span>
     <span class='ocr_line' id='line_1_53' title="bbox 611 1152 987 1183; baseline 0.005 -7"><span class='ocrx_word' id='word_1_358' title='bbox 611 1152 650 1177; x_wconf 81' lang='lat' dir='ltr'>bei</span> <span class='ocrx_word' id='word_1_359' title='bbox 670 1152 733 1178; x_wconf 86' lang='lat' dir='ltr'>Liv.:</span> <span class='ocrx_word' id='word_1_360' title='bbox 755 1160 775 1177; x_wconf 87' lang='lat' dir='ltr'>s.</span> <span class='ocrx_word' id='word_1_361' title='bbox 794 1161 823 1177; x_wconf 88' lang='lat' dir='ltr'>zu</span> <span class='ocrx_word' id='word_1_362' title='bbox 844 1154 868 1182; x_wconf 90' lang='grc'>7,</span> <span class='ocrx_word' id='word_1_363' title='bbox 888 1154 928 1183; x_wconf 79' lang='grc'>30,</span> <span class='ocrx_word' id='word_1_364' title='bbox 950 1154 987 1178; x_wconf 84' lang='grc'>19.</span> 
     </span>
    </p>

    <p class='ocr_par' dir='ltr' id='par_1_24' title="bbox 611 1183 1126 1353">
     <span class='ocr_line' id='line_1_54' title="bbox 648 1183 1124 1218; baseline 0 -7"><span class='ocrx_word' id='word_1_365' title='bbox 648 1188 686 1212; x_wconf 86' lang='lat'>13.</span> <span class='ocrx_word' id='word_1_366' title='bbox 715 1187 803 1218; x_wconf 79' lang='lat' dir='ltr'>alque]</span> <span class='ocrx_word' id='word_1_367' title='bbox 829 1183 889 1210; x_wconf 84' lang='lat' dir='ltr'>‘und</span> <span class='ocrx_word' id='word_1_368' title='bbox 908 1184 1000 1216; x_wconf 85' lang='lat' dir='ltr'>dabei&#39;,</span> <span class='ocrx_word' id='word_1_369' title='bbox 1025 1186 1073 1211; x_wconf 89' lang='lat' dir='ltr'>wie</span> <span class='ocrx_word' id='word_1_370' title='bbox 1098 1194 1124 1211; x_wconf 83' lang='lat' dir='ltr'>es</span> 
     </span>
     <span class='ocr_line' id='line_1_55' title="bbox 611 1220 1124 1253; baseline -0.002 -8"><span class='ocrx_word' id='word_1_371' title='bbox 611 1220 664 1245; x_wconf 87' lang='lat' dir='ltr'>sich</span> <span class='ocrx_word' id='word_1_372' title='bbox 684 1220 723 1245; x_wconf 83' lang='lat' dir='ltr'>bei</span> <span class='ocrx_word' id='word_1_373' title='bbox 742 1221 798 1245; x_wconf 90' lang='lat' dir='ltr'>dem</span> <span class='ocrx_word' id='word_1_374' title='bbox 809 1220 946 1245; x_wconf 85' lang='lat' dir='ltr'>Charakter</span> <span class='ocrx_word' id='word_1_375' title='bbox 964 1220 1008 1245; x_wconf 81' lang='lat' dir='ltr'>der</span> <span class='ocrx_word' id='word_1_376' title='bbox 1017 1220 1124 1253; x_wconf 85' lang='lat' dir='ltr'>Kampa—</span> 
     </span>
     <span class='ocr_line' id='line_1_56' title="bbox 612 1253 1126 1286; baseline -0.002 -7"><span class='ocrx_word' id='word_1_377' title='bbox 612 1262 656 1279; x_wconf 86' lang='lat' dir='ltr'>ner</span> <span class='ocrx_word' id='word_1_378' title='bbox 669 1257 793 1279; x_wconf 82' lang='lat' dir='ltr'>erwarten</span> <span class='ocrx_word' id='word_1_379' title='bbox 806 1253 863 1279; x_wconf 78' lang='lat' dir='ltr'>liess</span> <span class='ocrx_word' id='word_1_380' title='bbox 875 1262 950 1283; x_wconf 86' lang='lat' dir='ltr'>usw.;</span> <span class='ocrx_word' id='word_1_381' title='bbox 963 1255 1009 1278; x_wconf 84' lang='lat' dir='ltr'>wir</span> <span class='ocrx_word' id='word_1_382' title='bbox 1019 1254 1126 1286; x_wconf 86' lang='lat' dir='ltr'>gebrau-</span> 
     </span>
     <span class='ocr_line' id='line_1_57' title="bbox 611 1288 1124 1321; baseline 0 -9"><span class='ocrx_word' id='word_1_383' title='bbox 611 1288 674 1313; x_wconf 84' lang='lat' dir='ltr'>chen</span> <span class='ocrx_word' id='word_1_384' title='bbox 697 1288 752 1313; x_wconf 88' lang='lat' dir='ltr'>eine</span> <span class='ocrx_word' id='word_1_385' title='bbox 771 1288 1046 1321; x_wconf 68' lang='lat' dir='ltr'>Adversativparfikel:</span> <span class='ocrx_word' id='word_1_386' title='bbox 1072 1288 1124 1320; x_wconf 83' lang='lat' dir='ltr'>vgl.</span> 
     </span>
     <span class='ocr_line' id='line_1_58' title="bbox 611 1323 1091 1353; baseline -0.002 -6"><span class='ocrx_word' id='word_1_387' title='bbox 611 1324 652 1352; x_wconf 83' lang='grc'>25,</span> <span class='ocrx_word' id='word_1_388' title='bbox 672 1325 700 1352; x_wconf 79' lang='grc'>5;</span> <span class='ocrx_word' id='word_1_389' title='bbox 721 1323 761 1353; x_wconf 71' lang='grc'>24,</span> <span class='ocrx_word' id='word_1_390' title='bbox 781 1323 821 1353; x_wconf 81' lang='grc'>39,</span> <span class='ocrx_word' id='word_1_391' title='bbox 840 1323 868 1349; x_wconf 77' lang='lat' dir='ltr'>S:</span> <span class='ocrx_word' id='word_1_392' title='bbox 888 1323 1003 1353; x_wconf 80' lang='lat' dir='ltr'>28,25,l</span> <span class='ocrx_word' id='word_1_393' title='bbox 1025 1330 1049 1346; x_wconf 94' lang='lat' dir='ltr'>u.</span> <span class='ocrx_word' id='word_1_394' title='bbox 1069 1329 1091 1347; x_wconf 85' lang='lat' dir='ltr'>a.</span> 
     </span>
    </p>

    <p class='ocr_par' dir='ltr' id='par_1_25' title="bbox 611 1356 1126 1489">
     <span class='ocr_line' id='line_1_59' title="bbox 650 1356 1126 1387; baseline -0.002 -6"><span class='ocrx_word' id='word_1_395' title='bbox 650 1358 686 1381; x_wconf 76' lang='lat'>14.</span> <span class='ocrx_word' id='word_1_396' title='bbox 716 1356 842 1387; x_wconf 76' lang='lat' dir='ltr'>legiones]</span> <span class='ocrx_word' id='word_1_397' title='bbox 871 1363 892 1380; x_wconf 92' lang='lat' dir='ltr'>s.</span> <span class='ocrx_word' id='word_1_398' title='bbox 918 1363 948 1380; x_wconf 90' lang='lat' dir='ltr'>zu</span> <span class='ocrx_word' id='word_1_399' title='bbox 974 1357 1015 1385; x_wconf 86' lang='lat'>23,</span> <span class='ocrx_word' id='word_1_400' title='bbox 1038 1357 1074 1381; x_wconf 78' lang='lat'>14.</span> <span class='ocrx_word' id='word_1_401' title='bbox 1093 1370 1126 1374; x_wconf 91' lang='lat'>-—</span> 
     </span>
     <span class='ocr_line' id='line_1_60' title="bbox 611 1389 1125 1421; baseline 0 -7"><span class='ocrx_word' id='word_1_402' title='bbox 611 1390 701 1421; x_wconf 78' lang='lat' dir='ltr'>prodi]</span> <span class='ocrx_word' id='word_1_403' title='bbox 720 1389 766 1414; x_wconf 88' lang='lat' dir='ltr'>das</span> <span class='ocrx_word' id='word_1_404' title='bbox 780 1389 848 1414; x_wconf 67' lang='lat' dir='ltr'>Pras.</span> <span class='ocrx_word' id='word_1_405' title='bbox 862 1389 952 1414; x_wconf 84' lang='lat' dir='ltr'>driickt</span> <span class='ocrx_word' id='word_1_406' title='bbox 970 1390 1010 1414; x_wconf 90' lang='lat' dir='ltr'>die</span> <span class='ocrx_word' id='word_1_407' title='bbox 1029 1389 1125 1415; x_wconf 85' lang='lat' dir='ltr'>sichere</span> 
     </span>
     <span class='ocr_line' id='line_1_61' title="bbox 611 1424 1125 1456; baseline 0.002 -8"><span class='ocrx_word' id='word_1_408' title='bbox 611 1424 759 1456; x_wconf 82' lang='lat' dir='ltr'>Erwartung</span> <span class='ocrx_word' id='word_1_409' title='bbox 780 1431 839 1453; x_wconf 85' lang='lat' dir='ltr'>aus;</span> <span class='ocrx_word' id='word_1_410' title='bbox 858 1431 878 1448; x_wconf 89' lang='lat' dir='ltr'>s.</span> <span class='ocrx_word' id='word_1_411' title='bbox 889 1425 969 1455; x_wconf 77' lang='lat' dir='ltr'>29‚S;</span> <span class='ocrx_word' id='word_1_412' title='bbox 989 1425 1029 1455; x_wconf 83' lang='lat'>32,</span> <span class='ocrx_word' id='word_1_413' title='bbox 1041 1425 1082 1456; x_wconf 86' lang='grc'><strong>37,</strong></span> <span class='ocrx_word' id='word_1_414' title='bbox 1096 1425 1125 1452; x_wconf 74' lang='grc' dir='ltr'>ὃς</span> 
     </span>
     <span class='ocr_line' id='line_1_62' title="bbox 611 1459 805 1489; baseline 0 -7"><span class='ocrx_word' id='word_1_415' title='bbox 611 1465 642 1482; x_wconf 87' lang='lat' dir='ltr'>zu</span> <span class='ocrx_word' id='word_1_416' title='bbox 661 1460 685 1489; x_wconf 75' lang='grc'>-1,</span> <span class='ocrx_word' id='word_1_417' title='bbox 705 1460 745 1487; x_wconf 69' lang='grc'><strong>58,</strong></span> <span class='ocrx_word' id='word_1_418' title='bbox 766 1459 805 1482; x_wconf 79' lang='grc'><strong>1-1.</strong></span> 
     </span>
    </p>

    <p class='ocr_par' dir='ltr' id='par_1_26' title="bbox 613 1491 1124 1556">
     <span class='ocr_line' id='line_1_63' title="bbox 650 1491 1124 1524; baseline -0.006 -6"><span class='ocrx_word' id='word_1_419' title='bbox 650 1493 688 1518; x_wconf 82' lang='lat'>15.</span> <span class='ocrx_word' id='word_1_420' title='bbox 708 1491 859 1523; x_wconf 78' lang='lat' dir='ltr'>magnifice]</span> <span class='ocrx_word' id='word_1_421' title='bbox 879 1499 899 1517; x_wconf 84' lang='lat' dir='ltr'>s.</span> <span class='ocrx_word' id='word_1_422' title='bbox 920 1493 1050 1523; x_wconf 75' lang='grc'><strong>21,41,1;</strong></span> <span class='ocrx_word' id='word_1_423' title='bbox 1071 1491 1124 1524; x_wconf 79' lang='lat' dir='ltr'>vgl.</span> 
     </span>
     <span class='ocr_line' id='line_1_64' title="bbox 613 1527 755 1556; baseline -0.007 -5"><span class='ocrx_word' id='word_1_424' title='bbox 613 1527 654 1556; x_wconf 84' lang='lat'>37,</span> <span class='ocrx_word' id='word_1_425' title='bbox 676 1528 713 1556; x_wconf 83' lang='lat'>10,</span> <span class='ocrx_word' id='word_1_426' title='bbox 732 1527 755 1550; x_wconf 80' lang='lat'>2.</span> 
     </span>
    </p>

    <p class='ocr_par' dir='ltr' id='par_1_27' title="bbox 612 1558 1126 1789">
     <span class='ocr_line' id='line_1_65' title="bbox 651 1558 1125 1591; baseline -0.004 -6"><span class='ocrx_word' id='word_1_427' title='bbox 651 1562 688 1585; x_wconf 85' lang='grc'>16.</span> <span class='ocrx_word' id='word_1_428' title='bbox 717 1567 775 1584; x_wconf 81' lang='lat' dir='ltr'>cum</span> <span class='ocrx_word' id='word_1_429' title='bbox 801 1560 851 1583; x_wconf 81' lang='lat' dir='ltr'>lzae</span> <span class='ocrx_word' id='word_1_430' title='bbox 872 1561 927 1591; x_wconf 79' lang='lat' dir='ltr'>spe]</span> <span class='ocrx_word' id='word_1_431' title='bbox 955 1566 983 1584; x_wconf 88' lang='lat' dir='ltr'>so</span> <span class='ocrx_word' id='word_1_432' title='bbox 1008 1558 1064 1583; x_wconf 77' lang='lat' dir='ltr'>dass</span> <span class='ocrx_word' id='word_1_433' title='bbox 1089 1559 1125 1583; x_wconf 89' lang='lat' dir='ltr'>sie</span> 
     </span>
     <span class='ocr_line' id='line_1_66' title="bbox 613 1593 1125 1624; baseline -0.002 -6"><span class='ocrx_word' id='word_1_434' title='bbox 613 1593 682 1619; x_wconf 87' lang='lat' dir='ltr'>diese</span> <span class='ocrx_word' id='word_1_435' title='bbox 692 1593 859 1621; x_wconf 85' lang='lat' dir='ltr'>mitnahmen;</span> <span class='ocrx_word' id='word_1_436' title='bbox 874 1601 895 1618; x_wconf 74' lang='lat' dir='ltr'>s,</span> <span class='ocrx_word' id='word_1_437' title='bbox 907 1595 947 1624; x_wconf 71' lang='lat'>44,</span> <span class='ocrx_word' id='word_1_438' title='bbox 961 1595 1125 1624; x_wconf 81' lang='lat' dir='ltr'>13,12:cum</span> 
     </span>
     <span class='ocr_line' id='line_1_67' title="bbox 612 1627 1125 1659; baseline -0.002 -7"><span class='ocrx_word' id='word_1_439' title='bbox 612 1629 705 1659; x_wconf 78' lang='lat' dir='ltr'>gralia</span> <span class='ocrx_word' id='word_1_440' title='bbox 725 1636 740 1652; x_wconf 81' lang='lat' dir='ltr'><em>a</em></span> <span class='ocrx_word' id='word_1_441' title='bbox 760 1627 866 1652; x_wconf 74' lang='lat' dir='ltr'>consule</span> <span class='ocrx_word' id='word_1_442' title='bbox 890 1627 1040 1657; x_wconf 76' lang='lat' dir='ltr'>profectum</span> <span class='ocrx_word' id='word_1_443' title='bbox 1058 1634 1084 1651; x_wconf 93' lang='lat' dir='ltr'>u.</span> <span class='ocrx_word' id='word_1_444' title='bbox 1102 1634 1125 1651; x_wconf 80' lang='lat' dir='ltr'>a.</span> 
     </span>
     <span class='ocr_line' id='line_1_68' title="bbox 613 1659 1126 1693; baseline -0.002 -7"><span class='ocrx_word' id='word_1_445' title='bbox 613 1676 646 1680; x_wconf 93' lang='lat'>—</span> <span class='ocrx_word' id='word_1_446' title='bbox 666 1662 769 1693; x_wconf 55' lang='lat' dir='ltr'>duplici</span> <span class='ocrx_word' id='word_1_447' title='bbox 780 1681 784 1686; x_wconf 92' lang='lat'>.</span> <span class='ocrx_word' id='word_1_448' title='bbox 797 1679 803 1686; x_wconf 88' lang='lat'><strong>.</strong></span> <span class='ocrx_word' id='word_1_449' title='bbox 818 1661 896 1691; x_wconf 75' lang='lat' dir='ltr'>vallo]</span> <span class='ocrx_word' id='word_1_450' title='bbox 917 1661 980 1686; x_wconf 89' lang='lat' dir='ltr'>nach</span> <span class='ocrx_word' id='word_1_451' title='bbox 997 1661 1040 1685; x_wconf 87' lang='lat' dir='ltr'>der</span> <span class='ocrx_word' id='word_1_452' title='bbox 1053 1659 1126 1685; x_wconf 76' lang='lat' dir='ltr'>stadt</span> 
     </span>
     <span class='ocr_line' id='line_1_69' title="bbox 614 1695 1126 1720; baseline -0.004 0"><span class='ocrx_word' id='word_1_453' title='bbox 614 1695 665 1720; x_wconf 90' lang='lat' dir='ltr'>und</span> <span class='ocrx_word' id='word_1_454' title='bbox 684 1695 740 1720; x_wconf 91' lang='lat' dir='ltr'>dem</span> <span class='ocrx_word' id='word_1_455' title='bbox 759 1695 837 1720; x_wconf 77' lang='lat' dir='ltr'>freien</span> <span class='ocrx_word' id='word_1_456' title='bbox 855 1695 929 1720; x_wconf 85' lang='lat' dir='ltr'>Felde</span> <span class='ocrx_word' id='word_1_457' title='bbox 948 1703 986 1719; x_wconf 91' lang='lat' dir='ltr'>zu.</span> <span class='ocrx_word' id='word_1_458' title='bbox 1006 1709 1038 1713; x_wconf 91' lang='lat'><strong>—</strong></span> <span class='ocrx_word' id='word_1_459' title='bbox 1058 1696 1126 1718; x_wconf 78' lang='lat' dir='ltr'>cine-</span> 
     </span>
     <span class='ocr_line' id='line_1_70' title="bbox 615 1731 1126 1760; baseline -0.002 -7"><span class='ocrx_word' id='word_1_460' title='bbox 615 1731 678 1760; x_wconf 81' lang='lat' dir='ltr'>tam]</span> <span class='ocrx_word' id='word_1_461' title='bbox 706 1742 740 1751; x_wconf 87' lang='lat'>=</span> <span class='ocrx_word' id='word_1_462' title='bbox 767 1737 825 1753; x_wconf 78' lang='lat' dir='ltr'>enm</span> <span class='ocrx_word' id='word_1_463' title='bbox 854 1731 907 1753; x_wconf 83' lang='lat' dir='ltr'>iam</span> <span class='ocrx_word' id='word_1_464' title='bbox 935 1731 1023 1753; x_wconf 83' lang='lat' dir='ltr'>cincla</span> <span class='ocrx_word' id='word_1_465' title='bbox 1054 1731 1126 1758; x_wconf 76' lang='lat' dir='ltr'>esset,</span> 
     </span>
     <span class='ocr_line' id='line_1_71' title="bbox 612 1763 969 1789; baseline -0.003 -1"><span class='ocrx_word' id='word_1_466' title='bbox 612 1763 679 1788; x_wconf 85' lang='lat' dir='ltr'>nieht</span> <span class='ocrx_word' id='word_1_467' title='bbox 702 1763 828 1789; x_wconf 81' lang='lat' dir='ltr'>einfaches</span> <span class='ocrx_word' id='word_1_468' title='bbox 848 1763 969 1787; x_wconf 80' lang='lat' dir='ltr'>Attribut.</span> 
     </span>
    </p>

    <p class='ocr_par' dir='ltr' id='par_1_28' title="bbox 612 1796 1125 1924">
     <span class='ocr_line' id='line_1_72' title="bbox 645 1796 1125 1829; baseline -0.006 -5"><span class='ocrx_word' id='word_1_469' title='bbox 645 1796 760 1824; x_wconf 76' lang='lat'>23—31.</span> <span class='ocrx_word' id='word_1_470' title='bbox 779 1797 926 1829; x_wconf 80' lang='lat' dir='ltr'>Eroberung</span> <span class='ocrx_word' id='word_1_471' title='bbox 944 1804 994 1821; x_wconf 83' lang='lat' dir='ltr'>von</span> <span class='ocrx_word' id='word_1_472' title='bbox 1005 1796 1125 1829; x_wconf 84' lang='lat' dir='ltr'>Syrakus.</span> 
     </span>
     <span class='ocr_line' id='line_1_73' title="bbox 612 1830 1123 1861; baseline -0.004 -5"><span class='ocrx_word' id='word_1_473' title='bbox 612 1831 666 1856; x_wconf 87' lang='lat' dir='ltr'>Pol.</span> <span class='ocrx_word' id='word_1_474' title='bbox 687 1833 710 1861; x_wconf 73' lang='lat' dir='ltr'>S,</span> <span class='ocrx_word' id='word_1_475' title='bbox 722 1833 752 1857; x_wconf 80' lang='lat'>37</span> <span class='ocrx_word' id='word_1_476' title='bbox 763 1831 792 1858; x_wconf 83' lang='lat' dir='ltr'>s.;</span> <span class='ocrx_word' id='word_1_477' title='bbox 812 1830 871 1855; x_wconf 85' lang='lat' dir='ltr'>Zon.</span> <span class='ocrx_word' id='word_1_478' title='bbox 886 1832 909 1860; x_wconf 85' lang='grc'>9,</span> <span class='ocrx_word' id='word_1_479' title='bbox 921 1833 947 1859; x_wconf 85' lang='grc'>5;</span> <span class='ocrx_word' id='word_1_480' title='bbox 968 1830 1034 1855; x_wconf 83' lang='lat' dir='ltr'>Plut.</span> <span class='ocrx_word' id='word_1_481' title='bbox 1048 1830 1123 1855; x_wconf 82' lang='lat' dir='ltr'>Marc.</span> 
     </span>
     <span class='ocr_line' id='line_1_74' title="bbox 616 1863 1123 1895; baseline -0.004 -4"><span class='ocrx_word' id='word_1_482' title='bbox 616 1867 657 1893; x_wconf 73' lang='lat' dir='ltr'>IS:</span> <span class='ocrx_word' id='word_1_483' title='bbox 677 1865 762 1890; x_wconf 84' lang='lat' dir='ltr'>Front.</span> <span class='ocrx_word' id='word_1_484' title='bbox 781 1865 856 1890; x_wconf 84' lang='lat' dir='ltr'>Strat.</span> <span class='ocrx_word' id='word_1_485' title='bbox 872 1867 894 1893; x_wconf 76' lang='lat'>3,</span> <span class='ocrx_word' id='word_1_486' title='bbox 907 1866 928 1894; x_wconf 81' lang='lat'>3,</span> <span class='ocrx_word' id='word_1_487' title='bbox 941 1866 969 1892; x_wconf 79' lang='lat'>2;</span> <span class='ocrx_word' id='word_1_488' title='bbox 989 1863 1032 1889; x_wconf 91' lang='lat' dir='ltr'>Sil.</span> <span class='ocrx_word' id='word_1_489' title='bbox 1044 1864 1071 1889; x_wconf 88' lang='lat' dir='ltr'>lt.</span> <span class='ocrx_word' id='word_1_490' title='bbox 1087 1866 1123 1895; x_wconf 75' lang='lat'>14,</span> 
     </span>
     <span class='ocr_line' id='line_1_75' title="bbox 614 1899 686 1924; baseline -0.014 0"><span class='ocrx_word' id='word_1_491' title='bbox 614 1900 662 1924; x_wconf 76' lang='lat'>585</span> <span class='ocrx_word' id='word_1_492' title='bbox 671 1899 686 1923; x_wconf 77' lang='lat' dir='ltr'>t&#39;.</span> 
     </span>
    </p>

    <p class='ocr_par' dir='ltr' id='par_1_29' title="bbox 650 1931 1124 1966">
     <span class='ocr_line' id='line_1_76' title="bbox 650 1931 1124 1966; baseline -0.004 -8"><span class='ocrx_word' id='word_1_493' title='bbox 650 1935 671 1958; x_wconf 87' lang='lat'>1.</span> <span class='ocrx_word' id='word_1_494' title='bbox 699 1933 896 1966; x_wconf 74' lang='lat' dir='ltr'>Syracusarum</span> <span class='ocrx_word' id='word_1_495' title='bbox 913 1952 918 1957; x_wconf 93' lang='lat'>.</span> <span class='ocrx_word' id='word_1_496' title='bbox 937 1934 953 1963; x_wconf 91' lang='lat'>.]</span> <span class='ocrx_word' id='word_1_497' title='bbox 979 1931 1070 1965; x_wconf 75' lang='lat' dir='ltr'>knfipst</span> <span class='ocrx_word' id='word_1_498' title='bbox 1093 1938 1124 1956; x_wconf 87' lang='lat' dir='ltr'>an</span> 
     </span>
    </p>
   </div>
   <div class='ocr_carea' id='block_1_19' title="bbox 951 347 1165 377">
    <p class='ocr_par' dir='ltr' id='par_1_30' title="bbox 951 347 1165 377">
     <span class='ocr_line' id='line_1_77' title="bbox 951 347 1165 377; baseline 0.005 -1"><span class='ocrx_word' id='word_1_499' title='bbox 951 347 1122 377; x_wconf 86' lang='lat' dir='ltr'>consulibus</span> <span class='ocrx_word' id='word_1_500' title='bbox 1140 353 1165 377; x_wconf 83' lang='grc' dir='ltr'>ιι</span> 
     </span>
    </p>
   </div>
   <div class='ocr_carea' id='block_1_20' title="bbox 658 644 1168 674">
    <p class='ocr_par' dir='ltr' id='par_1_31' title="bbox 658 644 1168 674">
     <span class='ocr_line' id='line_1_78' title="bbox 658 644 1168 674; baseline -0.002 0"><span class='ocrx_word' id='word_1_501' title='bbox 658 644 804 674; x_wconf 88' lang='lat' dir='ltr'>Hannibal</span> <span class='ocrx_word' id='word_1_502' title='bbox 833 644 868 674; x_wconf 88' lang='lat' dir='ltr'>ab</span> <span class='ocrx_word' id='word_1_503' title='bbox 892 644 1044 674; x_wconf 89' lang='lat' dir='ltr'>Herdonea</span> <span class='ocrx_word' id='word_1_504' title='bbox 1068 644 1123 673; x_wconf 84' lang='lat' dir='ltr'>Ta·</span> <span class='ocrx_word' id='word_1_505' title='bbox 1141 650 1168 674; x_wconf 79' lang='lat'>14</span> 
     </span>
    </p>
   </div>
  </div>
 </body>
</html>
