1332 2150
53 124 72 139 ι.
80 118 128 140 Chr.
140 124 160 138 n.
169 118 213 138 210.

386 108 478 134 LIBER
499 108 583 135 xxvt.
619 108 688 134 cAP.
707 110 747 135 35.
766 111 806 135 36.
1084 107 1123 136 95

54 200 79 227 et
94 195 302 235 expediendam
319 195 363 224 usi
381 200 458 224 sunt.
489 199 621 225 senatum
639 199 757 234 postero
774 195 820 224 die
836 195 1001 225 habuerunt
1020 195 1055 224 de
1077 204 1123 224 re·
1140 200 1154 224 9

53 239 160 277 migum
185 237 410 277 supplement0;
437 237 486 267 ubi
511 247 577 267 cum
599 237 688 267 multa
710 237 932 272 disseruissent,
958 247 1010 267 cur
1032 247 1124 276 aequa

52 281 146 321 plebis
161 280 306 310 recusatio
323 285 408 315 esset,
424 284 576 310 verterunt
592 280 754 309 orationem
773 289 816 314 eo,
834 285 864 309 ut
881 281 1013 310 dicerent
1029 280 1123 319 priva-

50 323 89 354 tis
105 323 132 352 id
148 332 199 352 seu
217 332 359 362 aequum,
383 332 433 352 seu
459 322 592 361 iniquum
617 331 691 352 onus
714 322 927 361 iniungendum
952 332 1031 358 esse;
1058 331 1123 357 nam
1142 329 1169 354 ιο

50 365 146 401 unde,
169 374 234 394 cum
252 365 376 404 pecunia
393 365 422 394 in
440 365 551 394 aerario
570 374 629 394 non
653 370 744 400 esset,
768 370 921 404 paraturos
946 365 1053 395 navalis
1076 374 1123 394 so-

51 406 134 438 cios?
165 417 223 447 quo
246 408 333 437 modo
356 412 451 437 autem
475 408 537 437 sine
561 407 702 437 classibus
721 412 769 436 aut
786 407 915 437 Siciliam
931 408 1055 437 obtineri
1072 412 1123 437 aut

50 450 129 480 ltalia
144 450 312 489 Philippum
329 450 421 479 arceri
439 459 526 489 posse
542 455 591 480 aut
606 454 667 480 tuta
684 450 782 479 Italiae
799 450 883 480 litora
897 449 980 479 esse?
1010 459 1076 480 cum
1091 450 1120 479 in
1136 453 1174 480 36

49 493 104 523 hac
119 492 289 522 difficultate
306 502 404 522 rerum
422 492 578 522 consilium
597 493 746 527 haereret.
771 502 803 522 ac
826 502 918 532 prope
941 499 1042 531 torpor
1058 493 1122 531 qui-

49 535 114 565 dam
131 540 304 574 occupasset
319 535 472 564 bominum
489 541 620 570 mentes.
643 541 704 564 tum
722 535 866 565 Laevinus
886 535 1006 564 consul:
1031 535 1122 573 magi·
1138 540 1152 564 2

49 582 156 608 stratus
171 577 285 607 senatui
303 583 327 607 et
346 583 478 607 senatum
496 578 617 617 populo,
634 578 708 607 sicut
725 578 837 607 honore
855 582 1012 617 praestent,
1033 578 1071 607 ita
1088 578 1122 607 ad

50 620 163 655 omnia,
186 629 260 659 quac
283 620 354 649 dura
371 625 457 659 atque
473 629 576 659 aspera
592 626 706 655 essent,
730 620 882 649 subeunda
905 620 994 649 duces
1015 620 1122 649 debere

49 671 121 692 esse.
150 659 187 692 ‘si
204 662 273 702 quid
290 663 444 701 iniungere
462 662 592 692 interiori
608 663 694 698 velis,
719 665 744 692 si
766 663 792 692 id
817 663 899 702 prius
915 663 944 692 iu
963 667 988 692 te
1007 672 1040 692 ac
1058 667 1123 692 tuos
1138 668 1152 692 3

47 705 111 745 ipse
135 705 207 734 iuris
229 705 381 739 statueris,
403 705 517 734 facilius
536 706 632 734 omnis
649 705 832 734 oboedientis
849 705 965 735 habeas.
997 714 1051 734 nec
1067 705 1122 734 im-

46 757 137 787 pensa
154 748 248 786 gravis
265 752 319 783 est,
337 756 403 777 cum
421 756 457 776 em
474 757 505 776 ea
520 748 585 787 plus
601 757 686 787 quam
700 757 753 786 pro
767 748 842 777 virili
855 752 937 787 parte
950 747 1004 777 sibi
1019 757 1121 786 quem-

47 799 103 829 que
120 799 224 829 capere
241 790 409 829 principum
425 790 531 819 vident.
566 791 663 829 itaque
686 792 713 819 si
727 791 833 820 classes
849 790 955 820 habere
971 795 1058 829 atque
1075 799 1122 819 or·
1137 795 1152 819 4

47 842 117 862 nare
144 833 279 862 volumus
306 833 448 871 populum
476 832 658 868 Romanum,
690 833 818 872 privatos
849 833 911 862 sine
938 833 1122 862 recusatione

45 875 172 914 remiges
201 876 284 904 dare:
309 875 455 905 nobismet
477 875 548 914 ipsis
570 876 696 914 primum
715 875 902 914 imperemus.
933 885 1052 911 aurum,
1076 885 1121 905 ar-
1137 880 1151 903 5

80 959 102 983 9.
121 961 228 990 postero
240 958 290 988 die]
310 966 351 982 um
371 965 409 982 am
422 958 492 990 Tage
503 958 559 982 dar-

46 992 90 1016 auf
107 991 164 1016 dem
183 992 264 1017 Volke
278 992 433 1024 Vorschlage
452 992 558 1017 macheu

45 1033 74 1050 zu
94 1026 205 1051 konnen.
217 1040 251 1044 —
270 1034 319 1050 cut·
332 1034 416 1058 aequa
429 1046 434 1051 .
449 1026 466 1058 .]
486 1034 505 1051 s.
518 1028 558 1055 30,

45 1061 86 1091 37,
98 1061 139 1085 10:
161 1059 294 1091 disseruit,
312 1068 390 1091 qnam
404 1068 451 1084 nec
465 1062 558 1092 iniqua

44 1096 70 1118 et
87 1095 236 1118 necessaria
257 1096 333 1125 (pa-t)
352 1097 424 1118 esset.
444 1109 474 1112 -
500 1096 557 1126 pri-

43 1126 162 1160 vatis..]
189 1127 303 1152 dennoch
329 1127 437 1156 mfisste,
462 1129 511 1153 wie
531 1136 557 1153 es

43 1161 122 1187 sehon
148 1164 163 1193 ξ
184 1163 198 1186 3
222 1161 349 1193 gesordert
373 1161 476 1186 worden
496 1169 557 1193 war,

43 1194 90 1220 den
103 1195 219 1220 Privaten
234 1195 274 1220 die
284 1195 343 1220 Last
356 1196 479 1228 auserlegt
493 1203 556 1221 wer-

42 1228 103 1258 dem
115 1230 177 1254 fiber
186 1237 231 1253 seu
243 1237 363 1261 aequum,
374 1237 419 1254 seu
433 1232 554 1262 iniquum

42 1263 94 1296 vgl.
113 1271 143 1288 zu
163 1264 187 1292 2,
207 1264 246 1294 32,
267 1265 289 1288 7.

79 1299 116 1323 10.
141 1297 245 1321 navalis
263 1299 357 1327 socios]
376 1310 409 1319 =
428 1299 553 1328 remiges-3

42 1338 61 1356 s.
72 1331 86 1364 ξ
97 1333 119 1356 3.
131 1345 163 1349 -
183 1339 234 1362 quo
253 1331 330 1355 modo
348 1333 445 1361 autem]
465 1339 483 1356 s.
496 1333 519 1361 3,
530 1333 553 1357 3.

41 1379 74 1383 —
92 1367 149 1390 sine
169 1366 305 1395 classibus]
329 1365 370 1389 die
389 1365 457 1390 nicht
476 1365 555 1390 selbst

41 1398 133 1429 rehlen,
151 1398 258 1424 sondern
272 1407 319 1423 nur
332 1399 401 1424 nicht
414 1399 454 1423 die
467 1399 554 1432 notige

43 1432 207 1465 Bemannung
226 1433 315 1457 haben.

75 1465 121 1493 36.
150 1469 170 1492 1.
192 1466 297 1499 torpor]
322 1463 440 1499 ‘geistige
459 1466 554 1491 Erstar-

43 1498 122 1534 rung';
142 1501 194 1533 vgl.
208 1502 249 1531 24,
260 1502 334 1529 43.s.
353 1515 387 1518 —
405 1501 552 1533 hominum]

42 1535 90 1560 wie
104 1536 127 1565 2,
147 1537 155 1560 l
176 1535 355 1560 unbestimmte
374 1534 553 1567 Bezeichnung

41 1564 94 1594 ‘der
116 1566 211 1597 Leute’,
236 1569 333 1594 welche
362 1568 415 1593 hier
439 1569 553 1601 beteiligt

43 1601 106 1633 sind,
124 1602 148 1628 d.
169 1603 191 1627 h.
210 1602 254 1628 der
273 1602 424 1631 Senatorem
447 1603 499 1635 vgl.
511 1604 552 1633 27,

44 1637 84 1667 34,
103 1637 126 1662 8.

78 1671 101 1695 2.
118 1670 224 1702 populo]
244 1670 296 1695 hier
315 1670 380 1694 ohne
393 1670 553 1695 Unterschei-

45 1701 164 1735 dungder
174 1704 303 1729 Ritter.—
322 1706 467 1736 praestent]
487 1705 551 1729 auch

45 1735 107 1761 dazu
117 1737 149 1762 ist
157 1742 263 1762 senatus
276 1738 325 1763 und
339 1739 439 1770 populo
451 1746 481 1763 zu
492 1739 551 1764 den-

45 1769 105 1799 ken;
118 1771 168 1803 vgl.
177 1771 236 1797 Tac.
246 1774 310 1797 Ann.
323 1774 398 1803 233:
413 1772 551 1797 distinctos

44 1807 151 1829 senatus
176 1808 199 1830 et
216 1808 332 1838 equitum
352 1814 444 1831 census
461 1825 467 1831 .
485 1825 505 1836 .,
522 1810 552 1831 ut

44 1840 91 1870 qni
101 1839 171 1869 loeis,
185 1840 329 1871 ordinibus,
341 1841 550 1871 dignationibm,

45 1874 171 1896 antistent
181 1876 205 1897 et
215 1873 285 1899 aliis.
293 1885 312 1902 ,ς
323 1875 387 1899 doch
399 1875 431 1899 ist
439 1882 469 1898 an
479 1883 502 1899 u.
513 1875 549 1900 St.

43 1905 88 1930 der
105 1906 223 1931 Gedanke
241 1909 351 1941 weniger
370 1909 493 1941 possem,
518 1908 549 1933 da

43 1939 83 1964 die
108 1940 250 1973 Forderung
277 1949 308 1967 an
335 1943 383 1967 alle
411 1942 550 1968 Senatoren

612 964 642 985 ts.
662 958 677 990 ξ
697 961 711 984 5
732 958 781 983 und
801 960 835 989 S),
854 958 922 983 nicht
941 958 1015 983 allein
1035 966 1065 983 an
1081 958 1121 982 die

611 992 757 1024 Magistrate
776 992 878 1025 gestellt
893 992 964 1017 wird.
976 1007 1009 1011 —
1020 1001 1087 1024 quae
1098 1012 1103 1017 .
1115 1011 1120 1017 .

611 1028 704 1057 essent]
722 1024 805 1051 ‘wenn
818 1030 931 1051 etwas..
943 1024 1027 1055 ware‘;
1043 1035 1121 1058 prae-

609 1063 679 1084 stent
697 1060 767 1085 stelit
792 1060 839 1085 deu
859 1060 995 1085 Gedanken
1020 1061 1057 1085 als
1076 1060 1120 1085 all-

610 1094 707 1126 gemein
728 1091 817 1126 guitig'
830 1094 881 1126 dar.

645 1130 666 1152 3.
686 1128 839 1153 Plotzlicher
858 1128 992 1161 Ubergang
1016 1136 1060 1153 zur
1083 1128 1120 1152 di-

610 1161 698 1186 rekten
719 1162 800 1190 Rede;
820 1169 840 1187 s.
864 1163 901 1192 13,
920 1164 944 1187 4.
962 1177 995 1180 —
1014 1164 1038 1186 si
1056 1162 1122 1194 quid

610 1215 614 1220 .
630 1214 636 1220 .
647 1198 671 1220 si
689 1196 726 1226 id]
746 1204 765 1221 s.
778 1197 801 1226 3,
813 1198 853 1227 64,
868 1198 910 1222 10:
925 1196 974 1221 Cic.
985 1204 1010 1228 p.
1022 1196 1119 1221 Cluent.

608 1232 636 1255 6:
656 1232 772 1261 siquam
786 1232 947 1261 opinionem,
964 1233 989 1254 si
1006 1238 1074 1258 earm
1096 1238 1119 1262 p.

608 1263 679 1288 Caec.
702 1266 727 1288 7:
755 1266 855 1296 siquis
874 1264 946 1296 quod
968 1264 1119 1296 spopondit.

608 1317 613 1322 .
631 1317 636 1322 .
653 1300 676 1321 si
701 1298 729 1322 id
747 1306 801 1322 non
819 1298 894 1327 facit.
915 1312 945 1316 ——
966 1298 1117 1330 iniungere]

606 1339 625 1356 s.
637 1332 677 1362 3⁴2,
691 1333 714 1361 3,
725 1334 753 1357 4:
774 1333 895 1356 iniuncta
913 1332 1018 1356 militia.
1033 1347 1066 1350 —
1079 1333 1119 1356 in-

607 1365 714 1395 feriori]
733 1373 754 1390 s.
775 1367 798 1395 2,
818 1368 841 1396 3,
861 1367 884 1390 ⁴.
911 1380 942 1384 —
969 1366 1029 1390 id..
1042 1367 1117 1396 iuris]

606 1398 669 1424 ‘dies
688 1399 724 1424 als
737 1397 839 1430 Rectffl,
859 1400 895 1424 als
914 1400 1050 1425 rechtliche
1060 1400 1118 1424 For-

607 1433 703 1466 deruug
722 1436 815 1466 (gegen
829 1434 884 1458 dich
900 1434 983 1466 gelten
997 1433 1074 1465 lasst).
1085 1448 1119 1451 —-

607 1475 654 1492 nec
685 1470 812 1500 impensa]
842 1466 920 1493 ‘dann
950 1468 982 1493 ist
1003 1487 1008 1492 .
1027 1488 1032 1493 .
1053 1468 1118 1493 auch

606 1499 716 1526 nicht..'
737 1516 769 1519 —
788 1510 838 1534 pro
858 1502 932 1526 vir-ili
947 1503 1035 1534 parte]
1056 1510 1075 1527 s.
1086 1509 1117 1526 zu

606 1537 629 1566 3,
650 1537 689 1565 71,
710 1536 737 1563 82
763 1543 836 1561 wenn
861 1535 904 1561 der
923 1536 1055 1561 Ausdruck
1075 1543 1118 1568 ge-

606 1576 655 1594 nau
675 1569 721 1600 ist,
747 1578 775 1595 so
796 1570 857 1602 liegt
876 1570 960 1600 darin,
979 1570 1033 1595 dass
1053 1570 1117 1594 auch

605 1603 645 1627 die
663 1603 800 1629 Senatoren
825 1612 876 1628 von
901 1604 957 1629 dem
983 1604 1116 1629 Tributum

605 1637 673 1662 nicht
693 1638 735 1662 srei
759 1638 832 1669 sind,
856 1638 964 1663 sondern
986 1639 1052 1669 jetzt
1071 1645 1117 1662 nur

605 1671 689 1702 mehr,
708 1672 745 1696 als
763 1672 839 1696 ihnen
859 1672 1002 1703 zukommt,
1025 1672 1115 1696 leisten

604 1705 692 1730 sollen.
723 1706 776 1730 Von
788 1707 868 1731 einem
882 1706 1042 1731 bestimmten
1054 1706 1116 1730 Cen-

604 1747 646 1764 sus
674 1739 719 1764 der
746 1741 884 1765 Senatoren
912 1740 944 1764 ist
972 1740 1035 1764 auch
1064 1739 1116 1764 hier

604 1773 674 1797 nicht
696 1773 735 1798 die
760 1774 841 1802 Rede;
867 1782 887 1799 s.
913 1775 953 1804 24,
975 1776 1013 1804 Η,
1032 1776 1054 1799 S.
1083 1787 1115 1791 -—

602 1809 765 1839 principum]
792 1808 859 1833 steht
879 1808 1006 1837 ιἠΓει-ίονί
1029 1811 1116 1840 entge-

604 1849 664 1873 gem
685 1841 724 1866 die
749 1842 823 1867 S'atze
842 1842 897 1867 sind
918 1842 1053 1867 chiastisch
1073 1849 1115 1874 ge-

603 1875 700 1900 ordnet.

638 1911 660 1934 4.
675 1910 782 1941 ornare]
798 1906 853 1934 ‘mit
866 1910 922 1934 dem
934 1910 1044 1941 Notigen
1058 1917 1115 1934 aus-

603 1939 706 1972 rfisten’;
725 1951 744 1968 s.
764 1946 788 1974 9,
809 1946 850 1975 30,
870 1946 892 1969 4.
911 1958 943 1961 —
964 1944 1035 1975 ipsis]
1057 1944 1114 1968 weil
