1332 2150
95 114 114 128 ει.
126 108 174 129 Chr.
185 114 208 127 u.
218 108 263 127 215.

448 98 542 123 LIBER
561 97 652 123 xxnn.
688 97 758 123 CAP.
775 99 798 123 6.
1126 95 1163 123 15

96 184 253 215 ludibrium
270 184 359 214 auditi
376 184 547 222 dimissique
562 188 632 213 sunt
647 184 682 213 ab
703 187 862 222 quaerente
879 192 931 222 per
947 183 1043 212 iocum
1061 182 1165 212 Hiero-

96 237 193 267 nym0‚
209 236 284 266 quae
300 228 416 256 fortuna
433 227 474 256 eis
498 235 614 266 pugnae
636 227 670 256 ad
688 225 803 255 Cannas
819 226 938 255 fuisset:
957 226 1001 255 vix
1018 225 1165 255 credibilia
1180 231 1194 254 5

96 270 173 300 enim
191 270 301 308 legatos
317 269 487 299 Hannibalis
504 278 636 304 narrare;
654 268 741 303 velle,
758 269 828 306 quid
845 269 904 297 veri
924 268 969 302 sit,
985 268 1069 303 seire,
1087 272 1118 297 ut
1130 277 1165 297 ex

95 322 140 348 eo,
158 317 250 342 utram
267 321 349 350 spem
365 318 520 350 sequatur,
538 311 693 341 consilium
715 311 817 350 capiat.
849 310 988 346 Romani,
1006 319 1073 340 cum
1088 310 1165 340 serio
1180 315 1195 339 6

94 355 254 394 legationes
269 354 369 384 audire
391 355 552 393 coepisset,
575 353 722 383 redituros
743 363 773 383 se
796 353 831 383 ad
854 362 920 383 eum
943 353 1073 382 diceutes
1090 362 1164 388 esse,

95 398 206 427 monito
223 397 313 435 magis
330 406 364 426 eo
381 406 467 435 quam
490 401 607 435 rogato,
630 405 667 425 ne
689 396 773 425 fidem
796 401 905 426 temere
918 400 1057 432 mutaret,
1076 395 1165 434 profi-

95 440 254 470 ciscuntur.
287 439 483 478 Hieronymus
505 440 614 477 legatos
632 438 835 477 Carthaginem
856 438 934 467 misit
956 438 990 467 ad
1011 438 1115 467 foedus
1132 447 1166 467 ex
1181 444 1194 467 '1

94 483 230 512 societate
242 491 308 512 cum
324 481 485 511 Hannibale
500 486 582 520 pacta
594 481 769 510 faciendum.
801 481 946 515 convenit,
964 485 1005 515 ut,
1023 489 1089 509 cum
1106 479 1162 508 Ro-

93 534 195 554 manos
211 524 307 554 Sicilia
324 525 507 563 expulissent
522 541 562 545 —-
578 524 606 553 id
623 529 718 553 autem
735 524 814 553 brevi
832 524 910 559 fore,
933 523 956 552 si
974 532 1061 552 naves
1077 527 1164 560 atque

93 567 252 597 exercitum
269 567 417 596 misissent
429 584 479 602 —‚
493 567 609 596 Himera
625 566 727 601 amnis,
746 566 795 605 qui
809 566 901 595 ferme
914 565 1013 595 dividit
1030 565 1164 599 insulam,

92 610 158 639 sinis
175 609 258 648 regni
275 610 450 648 Syracusani
467 619 499 638 ac
515 609 619 638 Punici
642 609 758 648 imperii
780 613 866 638 esset.
898 608 980 637 aliam
998 607 1102 637 deinde
1120 607 1164 636 in-
1179 612 1195 637 S

92 652 177 681 ssatus
195 652 446 681 adsentationibus
462 661 563 681 eorum
574 675 581 686 ‚
605 651 655 690 qui
671 661 737 680 eum
755 660 814 680 nou
831 650 969 680 Hieronis
984 655 1096 680 tantum
1113 650 1164 679 sed

92 694 195 733 Pyrrhi
212 694 297 724 etiam
316 694 403 732 regis,
418 694 540 723 materni
557 693 616 729 avi,
633 694 773 723 iubebant
789 693 972 730 meminisse,
989 692 1164 731 legationem

92 737 179 772 misit,
198 746 253 775 qua
269 746 371 766 aecum
385 737 521 766 censebat
531 736 629 765 Sicilia
642 736 696 765 sibi
710 736 789 765 omni
803 736 876 771 cedi,
894 735 991 765 ltaliae
1008 735 1164 774 imperium

92 779 245 817 pioprium
263 780 364 817 quaeri
378 778 610 817 Cailhaginiensi
623 779 744 817 populo.
776 778 851 807 hanc
868 778 1011 808 levitatem
1028 787 1061 807 ac
1077 777 1163 806 iacta·
1179 783 1194 806 9

91 859 125 864 —
143 853 190 877 per·
210 845 375 869 ludibrium.
385 853 448 876 ,per-
461 845 559 884 iocum]
580 852 599 869 s.

93 886 122 903 zu
142 881 166 910 4,
185 880 209 904 2
220 893 252 897 —-
269 879 300 903 ab
321 876 495 910 quaerente]
501 878 547 902 mit
558 878 602 903 der

92 900 191 944 Frage:
210 912 261 944 vgl.
285 915 305 942 1,
325 914 348 943 9,
367 915 390 938 5.

127 949 149 971 5.
169 947 244 978 velle}
260 946 324 971 ohne
337 954 374 974 se;
395 945 445 977 vgl.
460 947 497 975 18,
512 947 549 970 14.
561 946 602 975 22,

91 982 115 1005 3.
136 981 174 1010 23,
186 982 208 1005 8.
228 982 268 1011 30,
279 982 303 1005 4.
320 982 397 1010 4S,6;
418 987 446 1004 so
466 979 602 1004 besonders

90 1014 154 1038 beim
173 1014 216 1038 lnf.
237 1014 290 1038 Fut.
310 1013 376 1041 ΑΜ,
402 1021 442 1037 wo
467 1013 532 1037 dann
560 1020 602 1045 ge-

90 1047 217 1072 wohnlich
229 1047 292 1072 auch
304 1056 357 1071 esse
367 1047 441 1075 feh1t;
457 1054 478 1071 s.
495 1048 533 1077 14,
544 1048 567 1072 6.
579 1048 602 1070 7.

90 1082 130 1109 22,
141 1083 164 1107 3.
184 1082 224 1112 48,
243 1083 265 1106 3.
285 1083 308 1107 6.
330 1083 342 1105 7
354 1089 377 1105 u.
388 1088 409 1106 a.
420 1095 452 1098 ——
463 1081 528 1112 quid
546 1082 603 1104 vet-i

89 1114 133 1148 sit]
153 1123 172 1140 s.
184 1116 226 1147 22,
237 1117 278 1145 61,
290 1117 332 1140 10;
353 1115 418 1147 quid
429 1117 486 1138 vet-i
494 1117 537 1144 sit,
551 1115 602 1138 dis-

91 1157 206 1174 cernere.
243 1149 286 1174 Die
311 1157 359 1173 von
380 1149 501 1181 Polybios
525 1156 601 1180 ange-

91 1183 190 1208 tiihrten
211 1183 395 1208 Beschwerden
415 1183 459 1208 des
478 1183 601 1215 Hierony-

90 1225 146 1242 mus
173 1217 235 1242 iiber
262 1217 302 1242 die
327 1217 418 1242 Romer
443 1216 499 1242 sind
528 1217 602 1241 iiber-

89 1258 197 1283 gangen.
219 1265 252 1269 —
276 1255 364 1275 utram
389 1259 460 1282 spem
477 1252 511 1281 ..]
537 1251 598 1275 kurz

89 1288 164 1310 statt:
185 1282 306 1309 ‘welcher
326 1285 408 1310 Partei
432 1292 459 1309 er
481 1284 534 1309 sich
554 1291 598 1308 an-

89 1317 223 1344 schliessen
243 1319 306 1344 solle
319 1319 369 1343 und
383 1327 433 1343 von
451 1319 560 1343 welcher
573 1326 599 1342 er

89 1356 168 1377 etwas
187 1360 217 1377 zu
231 1352 313 1377 hoffen
334 1350 404 1377 habe’
415 1363 420 1381 ;
440 1352 530 1377 anders
544 1352 597 1377 Pol.

90 1388 113 1418 ἵ,
132 1388 155 1416 3,
170 1388 196 1411 S:
217 1385 331 1411 ἐάσατε.
342 1384 427 1419 ,καμὲ
445 1386 512 1410 νῦν.
525 1385 599 1410 ,δια-

89 1419 207 1452 φυλάξαι
232 1419 281 1450 τὴν
293 1418 393 1460 ἀρχὴν
415 1418 599 1452 παλινδρομή-

89 1461 176 1478 σαντα
189 1453 258 1487 πρὸς
270 1453 318 1482 τὰς
335 1456 389 1478 τῶν
400 1453 598 1487 Καρχηδονίων

88 1486 204 1515 ἐλπίδας

122 1524 145 1548 6.
165 1524 233 1553 cum]
252 1535 286 1544 =
305 1525 367 1553 tum,
387 1530 497 1547 cum.—
510 1522 598 1547 dicen-

89 1559 125 1582 tes
144 1558 205 1587 esse]
231 1564 259 1581 so
283 1557 346 1580 wird
366 1556 410 1581 das
429 1556 528 1581 tonlose
546 1565 599 1580 esse

88 1591 151 1616 oster
171 1598 218 1615 von
229 1590 255 1616 L.
276 1590 450 1623 nachgestellt.
469 1605 502 1609 —
520 1590 599 1620 fidem

88 1626 247 1655 ..mutaretJ
267 1624 319 1656 vgl.
339 1626 380 1654 22,
400 1626 440 1655 22,
460 1626 484 1650 6.

122 1660 144 1683 7.
164 1658 267 1689 foedus]
286 1666 344 1683 vom
364 1658 442 1683 Senat
461 1658 511 1683 und
530 1658 596 1683 Volk

87 1692 111 1717 in
127 1692 252 1725 Karthago
272 1692 350 1717 selbst
368 1693 425 1723 soll,
444 1692 491 1717 den
507 1692 596 1717 Bedin—

87 1734 187 1758 gungen
206 1727 230 1751 in
250 1726 306 1751 dem
333 1727 378 1751 mit
396 1726 519 1751 Hannibal
541 1734 596 1751 ver-

87 1760 221 1786 abredeten
256 1760 377 1792 Vertrage
407 1761 519 1793 gemass,
555 1761 595 1784 ein

88 1794 230 1819 ffirmliches
259 1793 372 1819 Bondnis
399 1797 473 1820 unter
502 1794 595 1826 Opfern

89 1828 138 1852 und
164 1828 344 1853 Eidschwfiren
370 1830 399 1859 (s
422 1831 442 1859 1,
462 1830 503 1859 24,
523 1830 551 1856 3;
571 1830 595 1858 9,

89 1862 112 1892 5,
121 1863 146 1893 5)
159 1862 354 1894 abgeschlossen
374 1849 487 1891 werden:
507 1862 561 1887 Pol.
574 1864 597 1892 ἵ,

89 1897 118 1920 4:
142 1898 281 1921 ποιεῖσθαι
302 1895 347 1923 τὰς
372 1895 522 1927 συνθήκας
547 1894 593 1929 ἐφ’

88 1926 109 1961 ᾧ
129 1929 332 1963 Καρχηδονίους
354 1932 467 1962 βοηθεῖν
490 1930 535 1955 καὶ
553 1939 597 1955 πε-

655 845 738 872 ζικαῖς
757 842 801 867 καὶ
819 845 958 870 ναυτικαῖς
976 842 1115 873 δυνάμεσι.
1137 844 1162 868 L.

654 877 843 902 unterscheidet
867 878 919 902 hier
937 878 1029 907 foedus
1054 878 1105 902 und
1124 886 1164 902 so-

656 914 736 936 cietas
755 912 814 944 (vgl.
839 914 859 942 1,
876 913 924 943 13),
943 911 1058 944 obgleich
1079 919 1105 936 er
1124 913 1164 942 21,

655 947 678 975 2,
699 947 721 970 7.
744 948 781 975 18,
801 948 824 970 7.
847 947 908 976 19,2
928 945 976 970 den
996 945 1100 977 Vertrag
1119 945 1164 970 mit

655 979 795 1004 Hasdrubal
814 979 908 1008 foedus
928 982 1017 1007 nennt;
1037 987 1057 1004 s.
1072 980 1111 1010 23,
1123 981 1164 1010 34,

658 1015 679 1038 1.
697 1027 729 1030 —
755 1013 927 1045 ewpulz'ssent]
952 1013 1025 1038 beide
1051 1013 1164 1038 Bundes-

654 1054 794 1079 genossen;
808 1049 950 1071 misissent:
963 1047 1003 1072 die
1017 1047 1163 1079 Karthager.

653 1095 686 1099 —
705 1082 822 1111 Himera]
847 1081 899 1105 hier
917 1081 960 1105 der
979 1081 1105 1111 siidliche,
1130 1081 1162 1106 im

654 1114 730 1140 Osten
746 1123 793 1139 von
805 1115 928 1147 Agrigent
940 1115 1091 1145 miindende,
1104 1122 1163 1139 vom

654 1149 888 1181 Nebrodesgebirge
898 1150 926 1180 (j.
939 1149 1027 1173 Monte
1037 1149 1163 1177 Fac-hera)

653 1182 804 1207 kommende
828 1182 897 1208 Fluss
921 1184 950 1214 (s.
974 1184 1013 1213 25,
1033 1185 1072 1213 40,
1093 1185 1125 1214 S)
1140 1184 1162 1214 j.

652 1217 745 1241 Fiume
769 1217 852 1245 salso;
878 1217 918 1241 ein
943 1217 1062 1246 anderer,
1085 1218 1105 1248 j.
1130 1217 1162 1242 F.

653 1250 772 1282 Grande,
797 1251 901 1275 mundet
926 1251 1040 1275 nordlich
1060 1251 1098 1275 bei
1118 1251 1162 1276 der

651 1284 724 1310 Stadt
746 1285 843 1309 Himera
870 1285 896 1315 (j.
917 1285 1110 1314 Bonfornello).
1129 1299 1162 1303 —

650 1319 734 1347 ferme
759 1318 863 1351 dividit]
897 1327 922 1343 er
947 1319 1002 1343 teilt
1026 1319 1062 1343 sie
1087 1319 1162 1344 ziem-

650 1352 699 1377 lich
719 1353 743 1377 in
763 1353 825 1377 zwei
846 1352 957 1381 flamen:
976 1360 997 1377 s.
1014 1354 1161 1383 23,17.10;

651 1386 785 1419 Polybios·
814 1383 843 1413 ὀς
866 1385 986 1426 μάλιστα
1013 1395 1071 1413 πως
1098 1385 1161 1420 δίχα

651 1420 751 1454 διαιρεῖ
786 1419 835 1446 τὴν
871 1416 936 1450 ὅλην
966 1420 1097 1445 Σικελίαν.
1128 1435 1162 1439 ——

650 1456 744 1486 regni.
755 1455 940 1486 ,Jchiastiseln
959 1455 1008 1480 wie
1027 1456 1068 1485 21,
1087 1456 1111 1486 2,
1131 1456 1160 1484 7;

650 1489 702 1521 vgl.
719 1490 739 1519 1,
754 1490 831 1520 13‚4:
851 1497 964 1520 regnum
975 1508 980 1513 .
992 1509 996 1514 .
1009 1490 1159 1520 tmperium.

684 1524 708 1548 8.
727 1531 818 1547 eorum
837 1525 883 1554 qni
899 1542 905 1548 .
916 1525 931 1553 .]
956 1522 1019 1548 nach
1039 1523 1161 1555 Polybios

651 1563 734 1581 waren
758 1565 785 1581 es
806 1556 975 1589 Hippokrates
995 1557 1046 1581 und
1065 1557 1160 1589 Epiky-

651 1590 703 1615 des
715 1591 866 1630 -Pyrrhz‘J
886 1599 908 1616 s.
927 1591 981 1616 Pol.
1002 1593 1026 1621 7
1037 1593 1064 1616 4:
1084 1592 1159 1624 πρώ-

650 1633 699 1649 τον
716 1623 767 1664 μὲν
786 1624 831 1649 διὰ
856 1624 885 1649 τὸ
912 1626 958 1654 τῆς
978 1623 1087 1665 Πιίρρου
1112 1626 1160 1649 θυ-

648 1657 750 1692 γατρὸς
766 1657 826 1683 υἱὸν
839 1667 908 1684 uvat
921 1658 1073 1692 Numidam
1094 1659 1160 1684 Pau-

647 1694 954 1732 san.‚·612‚.q.2—ua
968 1693 1158 1726 ].vg.122‚;9

647 1723 735 1752 durch
755 1727 795 1752 die
809 1735 834 1752 er
851 1728 904 1752 sich
920 1727 995 1752 dahin
1012 1701 1158 1789 agussprach3

649 1761 762 1786 erklaren
788 1761 859 1792 liess,
882 1769 908 1786 er
933 1761 1001 1786 halte
1025 1759 1059 1786 es'
1081 1769 1142 1785 usw.

649 1803 739 1819 aecum
764 1796 885 1819 censebat
907 1796 940 1820 ist
966 1795 1019 1820 also
1044 1795 1083 1820 ein
1103 1780 1159 1819 vjer

648 1828 748 1854 kurzter
761 1829 908 1858 Ausdruck;
927 1829 978 1861 vgl
992 1831 1032 1857 29.
1044 1831 1066 1854 S.
1077 1828 1159 1853 —Si-

649 1863 711 1887 eilia
720 1865 787 1888 sibi.
799 1864 882 1893 ,cerliJ
894 1863 945 1895 vgl.
954 1865 993 1893 ·2·2,
1001 1865 1027 1893 9;
1039 1864 1079 1894 22,
1085 1864 1126 1891 25,
1134 1864 1157 1887 7.

682 1898 705 1922 9.
725 1897 866 1927 levitatem]
881 1897 1015 1929 Polybios.
1032 1896 1081 1927 τὴν
1095 1894 1158 1926 ὅλην

649 1927 854 1956 ἀκαταστασιαν
872 1930 916 1955 καὶ
935 1931 1046 1964 μανίαν.
