1332 2150
59 92 77 106 ι.
87 85 134 106 car.
143 90 163 105 n.
174 84 217 105 213,

404 75 494 101 Llssun
515 76 608 102 xxun.
645 75 715 101 CAP.
734 78 775 102 47.

1063 76 1120 105 105

59 170 123 192 cum
137 161 190 191 [ide
203 161 366 192 incolumes
377 161 410 191 ad
424 161 615 192 Hannibalem
629 161 771 200 Salapiam
789 167 942 192 venerunt.
974 163 1044 202 Arpi
1061 163 1124 194 sine
1144 169 1169 192 10

58 203 136 234 clade
153 204 240 234 ullius
256 210 457 242 praeterquam
476 205 564 234 unius
580 204 683 234 veteris
699 205 866 243 proditoris,
890 205 956 234 novi
973 206 1122 245 perfugae,

57 245 181 276 restituti
193 246 228 276 ad
241 246 396 276 Romanos.
424 246 562 285 Hispanis
577 246 702 286 duplicia
716 246 822 276 cibaria
836 247 895 276 dari
909 248 1001 284 iussa;
1020 258 1122 288 opera·
1142 254 1165 277 11

57 297 114 327 que
131 297 232 318 eorum
248 289 316 318 sorti
332 298 364 319 ac
379 289 456 318 fideli
473 298 614 328 persaepe
630 298 677 319 res
694 289 808 328 publica
824 298 876 319 usa
895 295 946 320 est.

141 330 212 360 Cum
230 331 332 361 consul
348 331 420 361 alter
435 331 465 360 in
483 331 602 371 Apulia,
619 331 690 362 alter
706 332 735 361 in
753 331 879 362 Lucanis
895 337 990 369 esset,
1011 334 1122 372 equites
1141 338 1167 362 12

56 378 173 403 centum
201 373 353 403 duodecim
379 373 492 404 nobiles
517 374 655 413 Campani
679 383 732 413 per
754 375 882 413 speciem
906 376 1064 413 praedandi
1089 386 1122 406 ex

55 415 183 445 hostium
199 424 268 454 agro
284 415 429 454 permissu
446 417 667 455 magistratuum
684 416 719 445 ab
736 415 832 456 Capua
846 417 970 456 profecti
983 418 1016 446 ad
1030 423 1121 448 castra

54 457 192 494 Romana,
209 467 282 496 quae
295 467 385 497 super
397 459 565 489 Suessulam
579 464 670 494 erant,
686 464 840 495 venerunt,
856 460 973 489 stationi
986 460 1121 495 militum,

55 500 104 538 qui
120 505 227 535 essent,
244 500 394 530 dixerunt:
413 502 551 540 conloqui
568 511 632 531 sese
646 511 712 531 cum
727 506 860 540 praetore
876 502 954 532 velle.
986 502 1038 532 Cn.
1052 503 1120 532 Ful·
1140 508 1166 532 13

52 542 115 572 vius
131 543 232 572 castris
248 549 396 581 praeerat;
414 544 460 573 cui
475 544 523 574 ubi
539 544 701 574 nuntiatum
716 550 768 580 est,
787 544 886 574 decem
900 554 934 574 ex
947 554 980 574 eo
997 554 1121 575 numero

52 583 138 614 iussis
161 585 322 615 inermibus
345 586 449 616 deduci
466 587 499 616 ad
517 595 557 622 se,
580 586 629 616 ubi
646 596 720 625 quae
736 587 935 625 postularent,
958 587 1066 617 audivit
1081 605 1121 609 —

52 626 124 656 nihil
136 631 232 657 autem
244 627 321 658 aliud
334 628 481 666 petebant,
494 638 580 667 quam
594 633 625 659 ut
642 628 738 668 Capua
752 635 868 668 recepta
882 629 957 659 bona
969 629 1022 660 sibi
1037 631 1121 660 resti-

51 672 205 699 tuerentur
220 687 270 706 —,
287 671 316 700 in
330 671 415 701 fidem
431 680 534 701 omnes
545 672 668 711 accepti.
700 676 728 701 et
739 672 775 701 ab
786 672 876 701 altero
890 677 1024 711 praetore
1038 673 1120 702 Sem-

51 711 156 751 pronio
178 711 325 742 Tuditano
348 713 489 752 oppidum
512 714 647 744 Atrinum
671 720 882 753 expugnatum.
923 714 1048 753 amplius
1071 725 1120 745 sex

50 753 127 784 milia
143 754 295 784 homiuum
313 761 393 795 capta
418 761 446 786 et
461 757 536 786 aeris
551 757 723 795 argentique
740 757 844 795 signati
868 757 1059 796 aliquantum.

134 796 242 826 Romae
265 797 382 827 foedum
406 799 575 829 incendium
600 809 653 837 per
669 800 740 828 (luas
757 804 858 829 noctes
874 809 907 829 ac
930 800 1005 829 diem
1028 809 1120 830 unum

48 838 159 875 tenuit3
182 839 244 868 solo
260 845 380 878 aequata
397 841 493 870 omnia
511 841 587 871 inter
603 841 715 871 Salinas
731 851 764 871 ac
780 846 893 880 portam
911 842 1120 872 Carmentalem

49 889 115 910 cum
124 881 322 920 Aequimaelio
335 882 511 922 Iugarioque
523 885 596 920 vico,
610 893 677 913 cum
689 884 806 923 templis
816 884 963 914 Fortunae
976 894 1009 914 ac
1021 885 1121 915 matris

85 958 122 981 10.
132 956 224 987 ullius]
237 957 448 987 substantivisch:
463 959 556 983 ebenso

48 989 117 1015 nieht
129 990 209 1015 seiten
226 991 291 1021 ullo,
311 992 494 1024 enlsprechend
508 992 555 1017 den

47 1023 72 1049 in
81 1023 212 1049 derselben
224 1024 307 1050 Weise
317 1026 487 1057 gebrauchten
499 1026 557 1051 For-

47 1064 102 1083 men
123 1065 172 1083 von
186 1058 284 1083 nullus.
296 1073 327 1077 ——
338 1062 457 1084 restituti
475 1060 527 1085 ad.
539 1061 555 1092 ,1

46 1091 98 1124 vgl.
117 1093 141 1123 2,
161 1094 198 1123 13,
218 1094 240 1118 6-
260 1094 300 1123 49,
321 1095 343 1119 7.

82 1127 121 1151 11.
130 1126 248 1158 duplicia
260 1145 266 1151 .
279 1128 295 1157 .]
307 1126 346 1151 die
357 1134 385 1152 so
394 1127 557 1159 ausgezeicli-

47 1163 120 1185 neten
134 1159 253 1186 Soldaten
273 1160 371 1186 hiessen
391 1161 554 1193 duplicari1'2

46 1200 66 1218 s.
85 1201 114 1218 zu
134 1194 157 1222 2,
178 1195 217 1224 59,
239 1196 322 1220 11.—
335 1194 404 1224 sorti
421 1203 453 1220 ac
470 1195 554 1226 fideli]

45 1233 66 1251 s.
89 1234 118 1252 zu
138 1229 179 1258 21,
198 1230 239 1259 4⁴,
258 1229 282 1254 2.

81 1262 119 1286 12.
139 1261 208 1285 atter
218 1263 245 1286 in
256 1261 381 1293 Lucanis]
393 1263 467 1288 naml.
481 1263 555 1288 Grac-

46 1294 117 1320 chus.
136 1309 169 1313 —
187 1296 297 1326 nobiles]
315 1296 493 1329 Bezeiclmung
512 1297 556 1322 der

44 1328 242 1361 kampanischen
262 1330 443 1360 Aristokratie,
463 1330 556 1361 indem,

45 1362 94 1387 wie
104 1363 129 1387 in
140 1362 202 1387 Rom
214 1371 244 1388 zu
255 1363 288 1388 L.'
299 1364 360 1395 Zeit,
378 1365 440 1389 zwei
450 1364 554 1389 Klassen

45 1403 94 1421 von
113 1397 211 1422 Rittern
231 1405 416 1430 angenommen
440 1398 555 1428 werden;

45 1429 85 1455 die
103 1431 203 1455 nobiles
227 1432 394 1464 entsprechen
419 1432 467 1456 den
492 1432 553 1457 iltu-

46 1466 112 1488 σιτ-83
130 1465 160 1496 (s.
172 1466 264 1496 30,1S,
279 1467 317 1497 15)
336 1465 396 1491 oder
415 1465 471 1490 dem
489 1467 554 1491 ordo

45 1502 174 1530 equo-rtem
195 1507 214 1524 s.
236 1500 274 1530 18,
289 1501 354 1524 7.—
367 1508 415 1532 per
433 1502 554 1531 speciem]

45 1538 66 1557 s.
84 1539 115 1557 zu
137 1534 157 1563 l,
177 1534 200 1559 S.
215 1547 248 1551 —
265 1534 420 1565 praedandi
439 1542 488 1559 ew.
500 1535 515 1565 .]
535 1543 556 1560 s.

44 1564 137 1592 Justin.
156 1568 196 1598 23,
218 1569 239 1597 1,
260 1569 303 1592 10:
329 1576 361 1592 ez
381 1570 455 1599 agris
473 1568 556 1598 finiti-

45 1607 148 1625 morum
165 1601 312 1632 ρωπίαν-ες
332 1600 394 1626 Sall.
407 1601 466 1634 Jug.
477 1604 517 1633 88,
528 1604 555 1627 3;

46 1641 80 1658 ea:
95 1636 176 1659 sociis
194 1637 292 1660 uostris
311 1636 426 1668 praedae
440 1638 554 1667 agentia

45 1667 96 1699 vgl.
113 1668 138 1693 L.
160 1671 182 1699 1,
204 1671 225 1699 1,
245 1671 271 1698 52
291 1671 315 1701 6,
334 1672 375 1701 41,
397 1672 434 1695 11.
450 1684 483 1687 a
501 1678 556 1695 ma-

44 1702 216 1734 gistratuum]
236 1711 256 1728 s.
275 1704 315 1734 23,
332 1706 409 1735 10‚5;
429 1706 555 1735 26,13,1.

45 1736 209 1767 —prol'ectiJ
230 1744 248 1762 s.
260 1739 301 1769 41,
312 1739 335 1763 9.
347 1752 380 1757 —
389 1746 469 1771 super
480 1738 555 1763 Sues-

45 1769 138 1800 sulam]
157 1778 178 1796 s.
199 1773 239 1802 44,
259 1773 284 1797 3.

81 1804 119 1829 13.
146 1812 180 1829 aar
204 1813 233 1830 eo
256 1807 375 1836 numero]
401 1812 422 1831 s.
446 1807 487 1838 31,
512 1808 553 1835 14;

45 1836 97 1869 vgl.
120 1838 161 1869 29,
183 1840 208 1868 6,
231 1841 255 1865 4.
279 1854 312 1858 —
336 1841 490 1871 inermibus]
518 1840 555 1866 als

45 1868 98 1895 Teil
116 1871 161 1897 des
174 1872 307 1898 Pridikats
325 1873 350 1898 in
369 1873 492 1906 gleichem
506 1874 554 1899 Ka-

46 1911 101 1934 sus;
121 1912 142 1931 s.
157 1908 198 1937 43,
212 1908 305 1937 18,11;
325 1909 400 1932 ezir-e
418 1910 487 1932 enim
505 1916 553 1933 sua

609 967 695 983 secum
730 960 899 989 efferentibus
936 961 1014 984 iussis
1044 968 1121 984 arma

609 993 720 1021 ademit:
746 993 797 1025 vgl.
822 996 845 1023 5,
867 995 907 1021 18ς
931 1001 962 1018 zu
990 996 1011 1023 1,
1032 995 1072 1025 27,
1091 995 1120 1019 3:

610 1027 756 1058 adsumptis
775 1027 825 1052 und
844 1035 875 1051 zu
894 1028 935 1058 27,
949 1029 989 1056 34,
1005 1030 1027 1053 3.
1039 1042 1070 1046 —
1081 1036 1121 1052 re-

609 1062 695 1093 cepta]
716 1060 791 1086 nfiml.
811 1069 825 1085 a
846 1060 979 1085 Romanis.

646 1096 683 1119 14.
703 1094 842 1127 Atrinum]
862 1095 895 1120 ist
908 1100 980 1120 sonst
993 1095 1063 1120 nicht
1079 1096 1120 1121 be-

610 1128 701 1157 kannt;
729 1136 756 1153 es
783 1129 877 1154 miisste
903 1129 965 1154 nach
991 1131 1033 1161 44,
1058 1131 1071 1155 3
1095 1130 1119 1154 in

609 1162 705 1187 Gallien
725 1162 831 1195 gelegen
852 1163 942 1188 haben.

646 1198 682 1221 15.
709 1196 816 1227 Romae]
839 1204 869 1221 an
890 1196 930 1222 die
950 1196 1119 1230 Kriegsereig-

609 1230 677 1255 nisse
690 1230 714 1254 in
726 1230 823 1261 italien,
836 1231 876 1256 die
889 1231 1018 1255 vielleicht
1030 1238 1118 1263 wegen

608 1264 652 1288 der
676 1266 715 1294 36,
735 1266 758 1289 4.
784 1266 825 1295 49,
849 1266 865 1290 4
890 1265 1035 1289 erwahnten
1062 1265 1119 1290 Um-

608 1297 696 1322 stande
715 1298 776 1330 (vgl.
789 1300 828 1327 39,
843 1300 881 1329 13)
900 1299 924 1323 in
939 1298 1033 1323 diesem
1043 1298 1120 1324 Jahre

608 1339 636 1356 so
650 1331 828 1356 unbedeutend
843 1332 908 1362 sind,
927 1332 990 1357 wird
1006 1333 1119 1365 sogleich

608 1365 774 1398 angeknfipst,
794 1374 846 1391 was
865 1366 889 1390 in
904 1366 967 1390 Rom
982 1367 1060 1391 selbst
1077 1374 1119 1399 ge-

607 1399 717 1424 schehen
742 1400 781 1424 ist.
801 1414 834 1418 -—
853 1401 947 1430 tenuit]
972 1400 1044 1425 ‘hielt
1065 1403 1118 1430 an’;

607 1441 627 1458 s.
648 1435 672 1464 2,
691 1435 714 1463 3,
734 1436 762 1462 ὃς
783 1435 823 1465 23,
841 1435 883 1464 44,
903 1435 929 1462 6:
955 1435 996 1465 25,
1018 1436 1055 1465 15,
1078 1436 1116 1460 16.

607 1468 647 1496 27.
665 1469 688 1493 6.
708 1469 750 1498 39,
767 1470 805 1493 10.
827 1482 856 1486 —-
875 1468 991 1499 Salinas]
1011 1475 1040 1493 an
1062 1468 1117 1494 dem

607 1501 763 1532 Aventinus,
790 1502 827 1526 bei
851 1501 895 1526 der
918 1506 999 1534 porta
1027 1502 1116 1534 Trige-

606 1536 692 1564 me'ua3
712 1543 732 1560 s.
750 1535 820 1560 Jord.
839 1535 902 1568 Top.
922 1538 943 1566 1,
958 1537 1015 1562 235.
1034 1551 1067 1555 —
1086 1545 1118 1562 ac

607 1573 713 1601 partam
745 1570 947 1601 Camenlalem]
985 1570 1038 1595 also
1074 1570 1118 1596 der

608 1610 688 1635 ganze
706 1603 784 1628 Raum
810 1604 937 1629 zwischen
959 1604 1014 1629 dem
1034 1605 1118 1629 Aven-

608 1637 676 1662 tinus
691 1637 741 1662 und
753 1638 921 1670 Capitolinus:
941 1638 992 1669 vgl.
1003 1640 1027 1669 2,
1037 1640 1078 1669 49,
1092 1639 1117 1663 8.

607 1685 640 1689 —
658 1671 854 1704 Aequimaelio]
874 1680 894 1697 s.
913 1674 937 1702 4,
959 1674 997 1703 15,
1018 1675 1044 1701 13
1065 1672 1115 1704 vgl.

607 1704 679 1730 Mms.
694 1705 741 1730 RF.
755 1707 844 1736 2202.
865 1720 897 1724 -
917 1706 1028 1737 Iugario
1047 1706 1115 1738 vico]

608 1741 680 1763 unter
698 1738 755 1764 dem
774 1739 891 1772 Kapitole
910 1739 973 1764 nach
993 1739 1049 1764 dem
1069 1739 1115 1765 Fo-

608 1780 661 1797 rum
686 1780 730 1803 zu,
755 1773 833 1798 durch
858 1773 898 1798 die
922 1781 986 1798 area
1005 1773 1117 1798 Saturni

607 1814 657 1831 von
682 1806 738 1832 dem
760 1807 959 1839 Aequimaelium
985 1811 1115 1839 getrennt;

606 1840 658 1871 vgl.
678 1842 718 1871 38,
737 1842 778 1871 28,
797 1844 819 1867 3.
839 1841 909 1866 Jord.
928 1841 956 1866 T.
979 1842 1066 1868 1.239.
1084 1855 1115 1859 —

606 1874 743 1899 Fortunae
754 1895 758 1900 .
771 1894 776 1900 .
787 1874 915 1905 Matutae]
929 1875 965 1900 sie
978 1875 1053 1908 lagen
1063 1875 1114 1901 ein-

606 1907 684 1933 ander
704 1909 849 1941 gegenfiber
873 1916 912 1934 am
945 1908 1033 1938 forum
1053 1910 1114 1934 boa—

1140 678 1165 702 14

1139 806 1166 829 15
