1332 2150
50 133 68 148 ι.
77 127 125 148 chr.
137 132 158 146 n.
169 126 214 146 ¹:¹⁸.

401 117 491 142 LlBER
511 117 603 143 xxmt.
639 117 708 142 CAP.
728 119 767 143 37.
1073 115 1113 146 85

49 204 125 234 iuxta
138 208 234 242 parata
248 203 449 242 instructaque
463 203 560 233 omnia
587 202 726 232 custodiis
741 212 775 232 ac
787 203 892 241 vigiliis
904 208 996 239 erant,
1014 213 1067 233 nec
1080 203 1115 233 ab

48 246 135 276 armis
150 250 200 275 aut
211 245 275 275 loco
292 254 346 275 suo
358 246 441 275 miles
453 245 632 275 abscedebat.
661 245 738 284 quod
756 245 804 274 ubi
820 244 1021 275 Hennensium
1033 246 1115 284 prin-
1132 251 1146 276 5

48 288 127 327 cipes
150 288 205 317 iam
225 287 301 327 pacti
317 296 384 318 cum
407 287 571 318 Himilcone
594 287 628 317 de
646 287 811 327 proditione
833 288 969 326 praesidii
986 288 1115 318 animad-

48 335 197 360 verterunt
214 330 284 360 nulli
301 330 447 360 occasioni
471 331 580 360 fraudis
596 329 760 359 Romanum
777 334 892 368 patere,
908 331 934 359 vi
958 331 1010 360 rati
1027 340 1116 369 agen-

47 373 116 402 dum
132 372 234 402 urbem
251 381 405 411 arcemque
422 382 491 402 suae
508 373 659 412 potestatis
675 372 758 401 aiunt
773 372 878 402 debere
896 381 958 402 esse
969 374 979 409 ,'
992 373 1016 402 si
1033 373 1116 402 liberi
1131 377 1146 402 6

48 415 76 445 in
94 415 270 451 societatem,
287 424 346 444 non
361 416 434 444 servi
449 416 477 444 in
491 415 652 445 custodiam
666 415 761 444 traditi
775 419 873 444 essent
885 415 1034 444 Romanis.
1063 416 1116 444 ita·
1132 421 1145 445 '1

48 467 105 496 que
119 457 211 487 claves
220 462 370 496 portarum
384 458 464 487 reddi
478 458 533 487 sibi
545 467 669 496 aequom
683 462 820 487 censent:
834 457 920 487 bonis
930 457 1018 487 sociis
1030 457 1116 486 fidem

47 508 128 530 suam
144 499 299 529 maximum
319 500 471 529 vinculum
495 510 574 533 esse,
597 505 624 529 et
649 500 686 529 ita
708 500 762 529 sibi
786 500 930 539 populum
952 499 1116 529 Romanum

46 546 237 580 senatumque
254 542 360 580 gratias
376 542 554 578 habiturum,
570 543 594 572 si
611 542 741 572 volentes
757 551 791 572 ac
807 552 867 572 non
884 543 976 572 coacti
993 542 1115 572 mansis-

45 589 110 614 sent
127 584 154 613 in
171 584 307 614 amicitia.
338 585 372 614 ad
389 594 420 614 ea
437 584 587 614 Romanus
608 594 640 614 se
657 585 685 614 in
705 585 850 623 praesidio
867 585 1035 624 impositum
1053 593 1116 614 esse
1132 589 1146 614 Β

45 626 141 656 dicere
164 626 199 656 ab
219 627 395 665 imperatore
411 636 464 656 suo
482 628 634 666 clavesque
651 631 801 666 portarum
818 632 846 656 et
862 628 1023 657 custodiam
1041 628 1116 656 areis

44 668 79 698 ab
95 678 129 698 eo
154 669 319 708 accepisse,
341 678 415 708 quae
441 679 494 699 nec
517 679 570 699 suo
588 679 643 699 nec
660 669 864 699 Hennensium
885 669 1004 699 arbitrio
1028 670 1117 699 habe-

44 716 98 746 ret,
113 711 163 740 sed
177 711 250 747 eius,
267 712 317 750 qui
330 712 532 742 commisisset.
564 712 708 751 praesidio
725 712 865 742 decedere
880 712 956 751 apud
970 712 1117 741 Romanos
1133 717 1147 741 9

45 753 148 792 capital
165 763 238 790 esse,
256 759 284 783 et
297 763 368 784 nece
382 754 541 784 liberorum
558 755 642 784 etiam
661 764 782 784 suorum
799 764 860 784 eam
878 757 997 785 noreiam
1010 764 1117 794 paren-

44 800 87 826 tes
111 796 251 826 sanxisse.
288 797 439 826 consulem
462 797 631 826 Marcellum
655 797 732 827 haud
763 797 866 835 procul
889 807 968 827 esse:
997 797 1031 826 ad
1051 806 1117 826 eum

44 838 194 868 mitterent
209 838 328 876 legatos,
345 839 429 868 cuius
445 839 517 868 iuris
531 844 616 878 atque
632 839 743 869 arbitrii
760 849 803 869 res
819 845 904 869 esset.
932 849 963 869 se
979 849 1047 869 vero
1065 849 1117 868 ne·
1135 845 1162 869 10

44 890 112 919 gare
136 881 176 910 illi
199 881 342 910 missuros
365 882 539 920 testarique,
563 882 586 911 si
603 882 698 911 verbis
715 882 787 911 nihil
803 886 938 920 agerent,
961 882 1118 911 vindictam

44 938 185 971 sprechend
204 938 259 963 dem
274 938 409 971 folgenden
429 940 555 964 custodiis

43 973 326 1038 231”52‘³;'¹ff2·g.5.21ss‘:,
341 973 555 1032 ⁵552.{}”§3s¹¹553

43 1039 155 1065 Wachen
174 1041 199 1064 in
218 1040 261 1065 der
271 1040 352 1065 Nacht
363 1041 472 1069 bezieht;
492 1049 512 1066 s.
523 1049 554 1066 zu

44 1075 67 1104 8,
86 1075 110 1104 8,
132 1075 157 1102 1;
185 1074 236 1106 vgl.
260 1082 291 1098 zu
313 1076 354 1104 46,
373 1077 396 1099 4.
414 1089 446 1092 -
467 1077 553 1106 itt-cla]

43 1115 64 1133 s.
82 1115 112 1132 zu
132 1109 172 1139 20,
195 1109 231 1133 13.
243 1122 276 1125 —
291 1111 391 1140 pat-ala
410 1110 553 1133 instructa-

44 1143 102 1174 que]
127 1149 147 1166 s.
172 1149 203 1166 zu
229 1143 252 1172 7,
277 1144 301 1166 4
321 1156 354 1160 ——
378 1144 479 1173 omnia]
504 1143 553 1167 alle

43 1175 151 1204 Ροςῑειη
170 1183 190 1201 S.
210 1177 251 1206 21,
271 1177 310 1205 25,
330 1176 518 1208 92pler1sque.

45 1211 91 1274 155
96 1209 193 1268 δίῃ-Ἔα
200 1195 302 1275 ggil’rse]
310 1211 553 1277 'Sugssnglicllfllseziu

43 1277 97 1309 vgl
117 1279 157 1305 31,
177 1279 223 1308 31),
245 1279 287 1306 12;
307 1278 374 1304 Curt
394 1280 554 1309 4,1Ο,1Ἷῑ

42 1314 135 1343 patere
154 1311 194 1335 vel
212 1313 292 1335 unius
311 1312 414 1336 ina-imis
433 1320 530 1344 regem.

78 1346 101 1370 6.
109 1353 172 1369 :uae
184 1346 332 1376 potestatis]
339 1345 436 1370 direkt:
448 1349 554 1370 nostrae

43 1380 194 1411 potestatis;
215 1386 234 1403 s-
244 1386 275 1403 zu
288 1380 310 1410 1,
324 1381 348 1407 1;
366 1380 416 1411 vgl.
428 1382 468 1411 25,
479 1381 520 1410 29,
530 1382 554 1405 4.

43 1427 75 1431 -
87 1412 174 1444 liberi]
190 1412 226 1437 sie
243 1420 325 1438 waren
342 1414 411 1438 wohl
426 1414 459 1438 im
471 1416 554 1439 ersten

43 1446 183 1479 punischen
202 1446 292 1478 Kriege
312 1447 438 1479 freiwillig
456 1455 486 1472 zu
505 1447 554 1473 den

44 1479 152 1505 Romern
172 1480 366 1513 iibergegangen
391 1481 442 1506 und
468 1482 554 1506 hatten

43 1514 83 1539 ein
102 1514 235 1547 gunstiges
252 1514 365 1539 Bfindnis
382 1515 554 1547 geschlossen.

43 1548 182 1573 —eraditi
201 1550 294 1578 essene]
314 1549 429 1577 reflexim
449 1557 470 1574 s.
489 1557 519 1574 zu
534 1552 555 1581 1,

47 1583 88 1607 1οε
108 1582 211 1606 deditis.

79 1617 100 1641 7.
121 1616 206 1640 claves
224 1618 374 1648 portarum]
400 1617 448 1642 wie
472 1618 513 1648 38,
531 1619 554 1643 3.

45 1650 86 1681 39,
103 1651 130 1679 3;
151 1651 192 1680 27,
203 1651 243 1679 24.
256 1651 285 1677 8:
305 1652 345 1680 43,
356 1652 396 1681 22,
408 1652 432 1676 6.
442 1665 476 1669 —-
495 1659 555 1675 cen-

45 1684 111 1716 sem]
131 1684 179 1708 wie
197 1686 220 1714 6,
240 1685 263 1710 8.
283 1698 315 1702 —
333 1684 421 1715 fidem]
442 1685 494 1717 vgl.
514 1686 554 1716 22,

45 1717 137 1748 2214.
156 1732 189 1735 -
206 1718 335 1750 populum
350 1718 497 1743 Romanum
515 1727 554 1743 se-

45 1751 199 1784 natumque]
217 1752 428 1784 nngewobnliche
439 1752 555 1785 Stellung

44 1785 104 1815 (wie
118 1787 142 1815 7,
153 1787 248 1816 31,10;
268 1787 309 1816 29,
322 1788 363 1817 21,
374 1788 407 1817 7),
426 1794 467 1811 um
483 1786 556 1812 beide

46 1817 154 1851 Begriffe
171 1827 202 1844 zu
221 1820 363 1845 vereinzeln
386 1820 436 1845 und
462 1828 493 1845 zu
512 1821 556 1845 be-

45 1854 129 1877 tonen.
146 1866 179 1871 —
196 1855 236 1878 ita
248 1873 254 1879 .
267 1854 316 1886 Ji]
335 1862 354 1879 s.
371 1862 401 1879 zu
423 1856 461 1886 16,
475 1856 556 1880 13.-

44 1888 149 1918 gracias
173 1887 334 1920 habiturum]
360 1888 557 1922 ungewohnlich

46 1922 108 1944 statt
123 1922 240 1952 graciam
259 1922 420 1954 habitur-um,
441 1923 489 1947 wie
503 1922 556 1947 Liv.

47 1956 118 1979 const
128 1957 192 1986 sagt,
203 1963 224 1979 z.
235 1954 264 1981 B.
275 1957 297 1986 3,
308 1957 349 1987 38,
359 1957 452 1989 9;vg1.
463 1958 503 1987 23,
517 1958 556 1987 11,

611 941 653 965 12;
671 942 763 971 grates
774 959 779 964 .
791 959 796 964 .
808 941 855 971 agi
869 940 1020 971 haber-ique.
1031 954 1063 958 —
1075 948 1118 964 vo—

607 974 696 1004 lentes]
722 973 774 1005 vgl.
801 975 825 1003 8,
851 975 891 1004 21,
911 975 939 999 7:
965 974 1004 997 ibi
1026 982 1118 1005 pacem

606 1016 659 1032 esse
677 1007 773 1038 fidam,
797 1008 842 1031 ubi
862 1007 1010 1032 uoluntarii
1027 1009 1119 1038 pacati

605 1043 668 1066 sint.
679 1055 710 1059 -
721 1049 774 1065 non
793 1043 888 1072 οοαοιι]
902 1041 1051 1066 wiederholt
1069 1041 1118 1066 den

605 1075 703 1107 Begriff
715 1075 739 1099 in
751 1075 889 1100 Riicksiclit
903 1077 947 1100 aus
955 1075 1003 1100 den
1014 1075 1117 1107 Zwang,

605 1109 653 1134 den
673 1108 713 1134 die
732 1109 876 1142 Besatzung
895 1109 999 1139 ausfibt;
1022 1109 1073 1142 vgl.
1094 1111 1118 1140 5,

606 1144 628 1173 3,
640 1144 667 1168 S:
687 1143 760 1175 plebs
780 1144 854 1167 uobis
874 1143 944 1168 dicto
964 1143 1076 1168 audiem·
1094 1146 1118 1167 et

606 1177 744 1201 oboediens
762 1179 803 1202 sit.

640 1212 664 1236 S.
684 1213 711 1235 in
726 1211 864 1251 praesidio
884 1210 1048 1243 impositum]
1067 1207 1122 1235 aus

606 1245 701 1269 Posten
729 1242 848 1277 g‘estellt,
880 1253 921 1270 urn
948 1244 1061 1269 daselbst
1088 1252 1118 1269 zu

607 1279 755 1307 verhanem
775 1279 826 1311 vgl.
846 1286 877 1303 zu
899 1280 936 1308 19,
951 1281 975 1303 5.
994 1292 1028 1296 —
1046 1287 1118 1303 acce-

606 1313 685 1344 pisse]
706 1313 795 1345 gehort
815 1313 838 1336 in
859 1316 938 1338 etwas
957 1312 1062 1337 anderer
1073 1312 1119 1337 Be—

606 1346 719 1378 deutung
734 1354 765 1371 zu
776 1346 832 1370 elac
829 1355 861 1370 es
872 1346 909 1371 als
920 1354 950 1371 zu
961 1348 1117 1371 custodiam.

662 1381 738 1412 quae]
778 1388 819 1405 um
846 1380 931 1405 beides
956 1388 1002 1406 zu
1015 1391 1038 1409 .;
1067 1380 1118 1413 vgl.

640 1450 665 1472 9.
681 1447 819 1480 praesidio
838 1448 970 1479 decedere]
991 1455 1009 1473 s.
1030 1456 1059 1473 zu
1080 1450 1118 1479 14,

607 1483 632 1506 ’1.
650 1496 683 1499 -
703 1482 812 1514 capital]
833 1482 922 1521 Polyb.
937 1483 1013 1513 1,1’ἰ.
1034 1481 1118 1506 θάνα-

608 1524 653 1542 105
670 1514 727 1540 6’0'75
746 1524 783 1539 ἴω
804 1515 944 1549 Πρθὲμένω
960 1524 1007 1540 lov
1020 1515 1117 1546 lo'nmq

607 1549 677 1575 Paul.
692 1549 758 1575 Diae.
779 1558 802 1582 p.
816 1551 862 1575 48:
883 1550 986 1582 capital
1002 1550 1119 1581 facinus,

607 1584 679 1615 quod
691 1585 787 1615 capitis
798 1592 884 1616 poena
899 1584 992 1609 luitur.
1015 1585 1050 1609 lm
1061 1585 1118 1610 Fol-

607 1617 705 1649 genden
724 1618 785 1650 geht
802 1618 842 1643 die
856 1618 1014 1650 Anspielung
1034 1619 1077 1643 auf
1088 1618 1118 1644 T.

606 1651 712 1676 Manlius
727 1653 757 1682 (s.
769 1653 792 1682 8,
803 1653 827 1683 7,
837 1653 887 1682 21).
898 1666 931 1669 —
945 1653 1091 1678 consulem.
1102 1654 1118 1683 .]

607 1685 762 1718 Folgernng:
781 1686 834 1710 also
847 1686 964 1710 moehten
976 1686 1012 1711 sie
1023 1686 1076 1711 sich
1087 1693 1119 1711 an

607 1718 655 1743 den
669 1719 764 1744 Konsul
775 1719 892 1750 wenden,
905 1719 948 1744 der
966 1720 1080 1745 iiberdies
1093 1720 1118 1744 in

606 1752 818 1778 derN5hese5.-
826 1756 902 1778 cuius
911 1773 916 1777 .
927 1754 943 1785 .]
951 1750 1004 1778 ‘der
1011 1753 1119 1779 darfiber

609 1794 639 1811 zu
655 1787 817 1812 entscheiden
837 1784 917 1815 habe‘;
936 1788 987 1819 vgl.
999 1789 1039 1818 39,
1050 1789 1073 1813 2.
1085 1802 1118 1806 —

609 1822 676 1845 iuris
695 1823 773 1853 alque
792 1822 909 1851 arbitrii]
929 1829 949 1846 s.
964 1829 994 1846 zu
1007 1823 1047 1851 25,
1059 1823 1083 1852 7,
1096 1824 1116 1847 1.

645 1856 683 1880 10.
701 1863 727 1879 se
746 1857 816 1885 vero]
836 1856 861 1879 in
881 1855 948 1879 Orat.
966 1858 1047 1880 recta:
1071 1863 1119 1880 nos

609 1896 682 1913 vero:
699 1885 776 1920 ‘nein,
790 1889 835 1913 wir
846 1888 946 1914 werden
959 1889 1028 1914 nicht
1038 1907 1044 1914 .
1055 1886 1078 1918 .';
1098 1897 1117 1915 s.

608 1924 638 1954 9,
659 1923 762 1951 11,10;
792 1930 891 1953 negare
918 1923 951 1947 ist
977 1923 1022 1948 lnf.
1050 1923 1118 1952 hist„

609 1956 727 1981 Pradikat
745 1964 775 1981 zu
795 1957 844 1981 im.
857 1971 890 1975 —
909 1957 978 1981 nihil
997 1957 1118 1990 agerent]
