<?xml version="1.0" encoding="UTF-8"?>
<!DOCTYPE html PUBLIC "-//W3C//DTD XHTML 1.0 Transitional//EN"
    "http://www.w3.org/TR/xhtml1/DTD/xhtml1-transitional.dtd">
<html xmlns="http://www.w3.org/1999/xhtml" xml:lang="en" lang="en">
 <head>
  <title>
</title>
<meta http-equiv="Content-Type" content="text/html;charset=utf-8" />
  <meta name='ocr-system' content='tesseract 3.04.00' />
  <meta name='ocr-capabilities' content='ocr_page ocr_carea ocr_par ocr_line ocrx_word'/>
</head>
<body>
  <div class='ocr_page' id='page_1' title='image "./aburbeconditalib05livyuoft_0158.png"; bbox 0 0 1332 2150; ppageno 0'>
   <div class='ocr_carea' id='block_1_1' title="bbox 222 84 279 115">
    <p class='ocr_par' dir='ltr' id='par_1_1' title="bbox 222 84 279 115">
     <span class='ocr_line' id='line_1_1' title="bbox 222 84 279 115; baseline 0 -1"><span class='ocrx_word' id='word_1_1' title='bbox 222 84 279 115; x_wconf 85' lang='lat'>148</span> 
     </span>
    </p>
   </div>
   <div class='ocr_carea' id='block_1_2' title="bbox 165 171 1328 1054">
    <p class='ocr_par' dir='ltr' id='par_1_2' title="bbox 176 171 1328 380">
     <span class='ocr_line' id='line_1_2' title="bbox 176 171 1328 211; baseline 0.001 -10"><span class='ocrx_word' id='word_1_2' title='bbox 176 177 204 201; x_wconf 86' lang='lat'>10</span> <span class='ocrx_word' id='word_1_3' title='bbox 220 171 376 201; x_wconf 85' lang='lat' dir='ltr'>Beneventi</span> <span class='ocrx_word' id='word_1_4' title='bbox 391 171 505 201; x_wconf 83' lang='lat' dir='ltr'>moenia</span> <span class='ocrx_word' id='word_1_5' title='bbox 521 176 563 201; x_wconf 86' lang='lat' dir='ltr'>est</span> <span class='ocrx_word' id='word_1_6' title='bbox 579 172 736 209; x_wconf 87' lang='lat' dir='ltr'>ingressus.</span> <span class='ocrx_word' id='word_1_7' title='bbox 768 181 801 201; x_wconf 86' lang='lat' dir='ltr'>ex</span> <span class='ocrx_word' id='word_1_8' title='bbox 813 173 980 211; x_wconf 91' lang='lat' dir='ltr'>propinquo</span> <span class='ocrx_word' id='word_1_9' title='bbox 993 173 1143 210; x_wconf 78' lang='lat' dir='ltr'>cognoscit</span> <span class='ocrx_word' id='word_1_10' title='bbox 1156 173 1276 202; x_wconf 89' lang='lat' dir='ltr'>Hanno·</span> <span class='ocrx_word' id='word_1_11' title='bbox 1325 192 1328 194; x_wconf 37' lang='lat' dir='ltr'>v</span> 
     </span>
     <span class='ocr_line' id='line_1_3' title="bbox 220 214 1277 254; baseline 0.001 -11"><span class='ocrx_word' id='word_1_12' title='bbox 220 223 286 243; x_wconf 87' lang='lat' dir='ltr'>nem</span> <span class='ocrx_word' id='word_1_13' title='bbox 303 223 368 243; x_wconf 88' lang='lat' dir='ltr'>cum</span> <span class='ocrx_word' id='word_1_14' title='bbox 386 214 527 243; x_wconf 82' lang='lat' dir='ltr'>exercitus</span> <span class='ocrx_word' id='word_1_15' title='bbox 543 218 624 253; x_wconf 83' lang='lat' dir='ltr'>parte</span> <span class='ocrx_word' id='word_1_16' title='bbox 641 214 805 253; x_wconf 85' lang='lat' dir='ltr'>profectum</span> <span class='ocrx_word' id='word_1_17' title='bbox 829 215 1053 251; x_wconf 65' lang='lat' dir='ltr'>frumentatum</span> <span class='ocrx_word' id='word_1_18' title='bbox 1077 224 1128 254; x_wconf 85' lang='lat' dir='ltr'>per</span> <span class='ocrx_word' id='word_1_19' title='bbox 1145 219 1277 253; x_wconf 88' lang='lat' dir='ltr'>quaesto-</span> 
     </span>
     <span class='ocr_line' id='line_1_4' title="bbox 219 256 1277 296; baseline 0.001 -11"><span class='ocrx_word' id='word_1_20' title='bbox 219 266 280 286; x_wconf 89' lang='lat' dir='ltr'>rem</span> <span class='ocrx_word' id='word_1_21' title='bbox 298 256 451 295; x_wconf 87' lang='lat' dir='ltr'>Campanis</span> <span class='ocrx_word' id='word_1_22' title='bbox 467 256 562 285; x_wconf 86' lang='lat' dir='ltr'>datum</span> <span class='ocrx_word' id='word_1_23' title='bbox 578 257 770 292; x_wconf 79' lang='lat' dir='ltr'>frumentum;</span> <span class='ocrx_word' id='word_1_24' title='bbox 788 256 844 286; x_wconf 91' lang='lat' dir='ltr'>duo</span> <span class='ocrx_word' id='word_1_25' title='bbox 861 257 938 286; x_wconf 85' lang='lat' dir='ltr'>milia</span> <span class='ocrx_word' id='word_1_26' title='bbox 954 257 1159 296; x_wconf 81' lang='lat' dir='ltr'>plaustrorum,</span> <span class='ocrx_word' id='word_1_27' title='bbox 1175 257 1277 286; x_wconf 81' lang='lat' dir='ltr'>incon-</span> 
     </span>
     <span class='ocr_line' id='line_1_5' title="bbox 219 298 1278 338; baseline 0.001 -11"><span class='ocrx_word' id='word_1_28' title='bbox 219 299 307 328; x_wconf 83' lang='lat' dir='ltr'>ditam</span> <span class='ocrx_word' id='word_1_29' title='bbox 333 298 531 337; x_wconf 80' lang='lat' dir='ltr'>inermemque</span> <span class='ocrx_word' id='word_1_30' title='bbox 553 298 637 328; x_wconf 86' lang='lat' dir='ltr'>aliam</span> <span class='ocrx_word' id='word_1_31' title='bbox 661 298 773 328; x_wconf 82' lang='lat' dir='ltr'>turbam</span> <span class='ocrx_word' id='word_1_32' title='bbox 800 299 964 335; x_wconf 80' lang='lat' dir='ltr'>advenisse3</span> <span class='ocrx_word' id='word_1_33' title='bbox 995 308 1047 338; x_wconf 89' lang='lat' dir='ltr'>per</span> <span class='ocrx_word' id='word_1_34' title='bbox 1068 299 1223 328; x_wconf 86' lang='lat' dir='ltr'>tumultum</span> <span class='ocrx_word' id='word_1_35' title='bbox 1245 308 1278 328; x_wconf 84' lang='lat' dir='ltr'>ac</span> 
     </span>
     <span class='ocr_line' id='line_1_6' title="bbox 220 340 1322 380; baseline 0.001 -11"><span class='ocrx_word' id='word_1_36' title='bbox 220 340 439 380; x_wconf 70' lang='lat' dir='ltr'>trepidationem</span> <span class='ocrx_word' id='word_1_37' title='bbox 453 341 549 370; x_wconf 89' lang='lat' dir='ltr'>omnia</span> <span class='ocrx_word' id='word_1_38' title='bbox 561 341 617 378; x_wconf 84' lang='lat' dir='ltr'>agi,</span> <span class='ocrx_word' id='word_1_39' title='bbox 629 346 849 379; x_wconf 83' lang='lat' dir='ltr'>castrorumque</span> <span class='ocrx_word' id='word_1_40' title='bbox 862 341 981 370; x_wconf 82' lang='lat' dir='ltr'>sormam</span> <span class='ocrx_word' id='word_1_41' title='bbox 996 345 1024 370; x_wconf 85' lang='lat' dir='ltr'>et</span> <span class='ocrx_word' id='word_1_42' title='bbox 1035 341 1186 370; x_wconf 87' lang='lat' dir='ltr'>militarem</span> <span class='ocrx_word' id='word_1_43' title='bbox 1200 341 1276 370; x_wconf 90' lang='lat' dir='ltr'>ordi·</span> <span class='ocrx_word' id='word_1_44' title='bbox 1319 359 1322 370; x_wconf 83' lang='lat'>.</span> 
     </span>
    </p>

    <p class='ocr_par' dir='ltr' id='par_1_3' title="bbox 176 382 1323 464">
     <span class='ocr_line' id='line_1_7' title="bbox 176 382 1279 422; baseline 0 -10"><span class='ocrx_word' id='word_1_45' title='bbox 176 388 201 412; x_wconf 92' lang='lat'>11</span> <span class='ocrx_word' id='word_1_46' title='bbox 220 392 285 412; x_wconf 84' lang='lat' dir='ltr'>nem</span> <span class='ocrx_word' id='word_1_47' title='bbox 308 383 435 412; x_wconf 83' lang='lat' dir='ltr'>inmixtis</span> <span class='ocrx_word' id='word_1_48' title='bbox 457 382 618 420; x_wconf 81' lang='lat' dir='ltr'>agrestibus</span> <span class='ocrx_word' id='word_1_49' title='bbox 635 383 760 412; x_wconf 81' lang='lat' dir='ltr'>externis</span> <span class='ocrx_word' id='word_1_50' title='bbox 783 382 936 412; x_wconf 87' lang='lat' dir='ltr'>sublatum.</span> <span class='ocrx_word' id='word_1_51' title='bbox 967 383 1012 412; x_wconf 90' lang='lat' dir='ltr'>his</span> <span class='ocrx_word' id='word_1_52' title='bbox 1033 383 1101 412; x_wconf 89' lang='lat' dir='ltr'>satis</span> <span class='ocrx_word' id='word_1_53' title='bbox 1124 383 1279 422; x_wconf 75' lang='lat' dir='ltr'>compertis</span> 
     </span>
     <span class='ocr_line' id='line_1_8' title="bbox 219 425 1323 464; baseline 0 -10"><span class='ocrx_word' id='word_1_54' title='bbox 219 425 321 454; x_wconf 90' lang='lat' dir='ltr'>consul</span> <span class='ocrx_word' id='word_1_55' title='bbox 334 425 474 454; x_wconf 89' lang='lat' dir='ltr'>militibus</span> <span class='ocrx_word' id='word_1_56' title='bbox 485 425 579 460; x_wconf 82' lang='lat' dir='ltr'>edicit,</span> <span class='ocrx_word' id='word_1_57' title='bbox 592 425 671 463; x_wconf 87' lang='lat' dir='ltr'>signa</span> <span class='ocrx_word' id='word_1_58' title='bbox 684 429 797 454; x_wconf 82' lang='lat' dir='ltr'>tantum</span> <span class='ocrx_word' id='word_1_59' title='bbox 808 434 944 464; x_wconf 83' lang='lat' dir='ltr'>armaque</span> <span class='ocrx_word' id='word_1_60' title='bbox 953 425 982 454; x_wconf 90' lang='lat' dir='ltr'>in</span> <span class='ocrx_word' id='word_1_61' title='bbox 995 425 1154 464; x_wconf 80' lang='lat' dir='ltr'>proximam</span> <span class='ocrx_word' id='word_1_62' title='bbox 1164 430 1278 454; x_wconf 89' lang='lat' dir='ltr'>noctem</span> <span class='ocrx_word' id='word_1_63' title='bbox 1320 427 1323 464; x_wconf 71' lang='grc' dir='ltr'><strong>ξ</strong></span> 
     </span>
    </p>

    <p class='ocr_par' dir='ltr' id='par_1_4' title="bbox 176 467 1279 633">
     <span class='ocr_line' id='line_1_9' title="bbox 176 467 1278 506; baseline 0 -10"><span class='ocrx_word' id='word_1_64' title='bbox 176 471 203 496; x_wconf 83' lang='grc'>12</span> <span class='ocrx_word' id='word_1_65' title='bbox 220 467 404 506; x_wconf 78' lang='lat' dir='ltr'>expedirent:</span> <span class='ocrx_word' id='word_1_66' title='bbox 428 471 520 496; x_wconf 83' lang='lat' dir='ltr'>castra</span> <span class='ocrx_word' id='word_1_67' title='bbox 536 467 644 497; x_wconf 88' lang='lat' dir='ltr'>Punica</span> <span class='ocrx_word' id='word_1_68' title='bbox 661 467 856 506; x_wconf 77' lang='lat' dir='ltr'>oppugnanda</span> <span class='ocrx_word' id='word_1_69' title='bbox 873 477 944 497; x_wconf 85' lang='lat' dir='ltr'>esse.</span> <span class='ocrx_word' id='word_1_70' title='bbox 983 473 1082 506; x_wconf 88' lang='lat' dir='ltr'>quarta</span> <span class='ocrx_word' id='word_1_71' title='bbox 1098 467 1194 505; x_wconf 85' lang='lat' dir='ltr'>vigilia</span> <span class='ocrx_word' id='word_1_72' title='bbox 1210 476 1278 506; x_wconf 87' lang='lat' dir='ltr'>pro-</span> 
     </span>
     <span class='ocr_line' id='line_1_10' title="bbox 219 509 1278 548; baseline 0 -10"><span class='ocrx_word' id='word_1_73' title='bbox 219 510 284 538; x_wconf 79' lang='lat' dir='ltr'>fecti</span> <span class='ocrx_word' id='word_1_74' title='bbox 301 509 422 538; x_wconf 81' lang='lat' dir='ltr'>sarcinis</span> <span class='ocrx_word' id='word_1_75' title='bbox 438 509 573 538; x_wconf 86' lang='lat' dir='ltr'>omnibus</span> <span class='ocrx_word' id='word_1_76' title='bbox 596 510 868 548; x_wconf 83' lang='lat' dir='ltr'>impedimentisque</span> <span class='ocrx_word' id='word_1_77' title='bbox 883 509 1039 539; x_wconf 89' lang='lat' dir='ltr'>Beneventi</span> <span class='ocrx_word' id='word_1_78' title='bbox 1055 509 1162 539; x_wconf 87' lang='lat' dir='ltr'>relictis</span> <span class='ocrx_word' id='word_1_79' title='bbox 1191 509 1278 548; x_wconf 85' lang='lat' dir='ltr'>paulo</span> 
     </span>
     <span class='ocr_line' id='line_1_11' title="bbox 218 551 1279 590; baseline 0 -10"><span class='ocrx_word' id='word_1_80' title='bbox 218 556 285 580; x_wconf 88' lang='lat' dir='ltr'>ante</span> <span class='ocrx_word' id='word_1_81' title='bbox 298 551 391 580; x_wconf 87' lang='lat' dir='ltr'>lucem</span> <span class='ocrx_word' id='word_1_82' title='bbox 406 560 471 580; x_wconf 85' lang='lat' dir='ltr'>cum</span> <span class='ocrx_word' id='word_1_83' title='bbox 483 551 517 580; x_wconf 87' lang='lat' dir='ltr'>ad</span> <span class='ocrx_word' id='word_1_84' title='bbox 531 557 622 581; x_wconf 86' lang='lat' dir='ltr'>castra</span> <span class='ocrx_word' id='word_1_85' title='bbox 636 552 844 590; x_wconf 78' lang='lat' dir='ltr'>pervenissent,</span> <span class='ocrx_word' id='word_1_86' title='bbox 858 556 968 581; x_wconf 83' lang='lat' dir='ltr'>tantum</span> <span class='ocrx_word' id='word_1_87' title='bbox 982 552 1095 590; x_wconf 88' lang='lat' dir='ltr'>pavoris</span> <span class='ocrx_word' id='word_1_88' title='bbox 1107 551 1279 587; x_wconf 88' lang='lat' dir='ltr'>iniecerunt,</span> 
     </span>
     <span class='ocr_line' id='line_1_12' title="bbox 219 593 1278 633; baseline 0 -11"><span class='ocrx_word' id='word_1_89' title='bbox 219 600 250 622; x_wconf 91' lang='lat' dir='ltr'>ut</span> <span class='ocrx_word' id='word_1_90' title='bbox 274 594 296 622; x_wconf 88' lang='lat' dir='ltr'>si</span> <span class='ocrx_word' id='word_1_91' title='bbox 320 594 350 622; x_wconf 92' lang='lat' dir='ltr'>in</span> <span class='ocrx_word' id='word_1_92' title='bbox 368 593 453 632; x_wconf 87' lang='lat' dir='ltr'>plano</span> <span class='ocrx_word' id='word_1_93' title='bbox 478 597 569 622; x_wconf 81' lang='lat' dir='ltr'>eastra</span> <span class='ocrx_word' id='word_1_94' title='bbox 593 594 685 632; x_wconf 85' lang='lat' dir='ltr'>posita</span> <span class='ocrx_word' id='word_1_95' title='bbox 707 598 818 628; x_wconf 85' lang='lat' dir='ltr'>essent,</span> <span class='ocrx_word' id='word_1_96' title='bbox 846 594 920 623; x_wconf 85' lang='lat' dir='ltr'>haud</span> <span class='ocrx_word' id='word_1_97' title='bbox 944 594 1029 623; x_wconf 86' lang='lat' dir='ltr'>dubie</span> <span class='ocrx_word' id='word_1_98' title='bbox 1052 594 1145 633; x_wconf 86' lang='lat' dir='ltr'>primo</span> <span class='ocrx_word' id='word_1_99' title='bbox 1169 594 1278 632; x_wconf 86' lang='lat' dir='ltr'>impetu</span> 
     </span>
    </p>

    <p class='ocr_par' dir='ltr' id='par_1_5' title="bbox 175 635 1279 717">
     <span class='ocr_line' id='line_1_13' title="bbox 175 635 1279 674; baseline 0.001 -10"><span class='ocrx_word' id='word_1_100' title='bbox 175 641 202 664; x_wconf 90' lang='lat'>13</span> <span class='ocrx_word' id='word_1_101' title='bbox 219 635 281 674; x_wconf 84' lang='lat' dir='ltr'>capi</span> <span class='ocrx_word' id='word_1_102' title='bbox 305 635 461 674; x_wconf 86' lang='lat' dir='ltr'>potuerint.</span> <span class='ocrx_word' id='word_1_103' title='bbox 499 635 619 664; x_wconf 89' lang='lat' dir='ltr'>altitudo</span> <span class='ocrx_word' id='word_1_104' title='bbox 643 636 699 665; x_wconf 83' lang='lat' dir='ltr'>loci</span> <span class='ocrx_word' id='word_1_105' title='bbox 726 641 754 665; x_wconf 85' lang='lat' dir='ltr'>et</span> <span class='ocrx_word' id='word_1_106' title='bbox 776 636 957 665; x_wconf 83' lang='lat' dir='ltr'>munimenta</span> <span class='ocrx_word' id='word_1_107' title='bbox 973 636 1180 672; x_wconf 75' lang='lat' dir='ltr'>defenderunt,</span> <span class='ocrx_word' id='word_1_108' title='bbox 1207 644 1279 674; x_wconf 75' lang='lat' dir='ltr'>quae</span> 
     </span>
     <span class='ocr_line' id='line_1_14' title="bbox 219 677 1279 717; baseline 0.001 -11"><span class='ocrx_word' id='word_1_109' title='bbox 219 677 296 706; x_wconf 88' lang='lat' dir='ltr'>nulla</span> <span class='ocrx_word' id='word_1_110' title='bbox 313 687 346 706; x_wconf 90' lang='lat' dir='ltr'>ex</span> <span class='ocrx_word' id='word_1_111' title='bbox 362 682 442 716; x_wconf 86' lang='lat' dir='ltr'>parte</span> <span class='ocrx_word' id='word_1_112' title='bbox 459 677 529 707; x_wconf 90' lang='lat' dir='ltr'>adiri</span> <span class='ocrx_word' id='word_1_113' title='bbox 547 678 602 707; x_wconf 86' lang='lat' dir='ltr'>nisi</span> <span class='ocrx_word' id='word_1_114' title='bbox 614 678 704 707; x_wconf 82' lang='lat' dir='ltr'>arduo</span> <span class='ocrx_word' id='word_1_115' title='bbox 719 688 751 707; x_wconf 86' lang='lat' dir='ltr'>ac</span> <span class='ocrx_word' id='word_1_116' title='bbox 768 678 877 707; x_wconf 83' lang='lat' dir='ltr'>difficili</span> <span class='ocrx_word' id='word_1_117' title='bbox 895 687 1017 707; x_wconf 86' lang='lat' dir='ltr'>ascensu</span> <span class='ocrx_word' id='word_1_118' title='bbox 1034 682 1175 717; x_wconf 82' lang='lat' dir='ltr'>poterant.</span> <span class='ocrx_word' id='word_1_119' title='bbox 1214 677 1279 707; x_wconf 84' lang='lat' dir='ltr'>luce</span> 
     </span>
    </p>

    <p class='ocr_par' dir='ltr' id='par_1_6' title="bbox 175 718 1321 801">
     <span class='ocr_line' id='line_1_15' title="bbox 175 718 1321 759; baseline 0.001 -11"><span class='ocrx_word' id='word_1_120' title='bbox 175 725 202 748; x_wconf 79' lang='lat'>14</span> <span class='ocrx_word' id='word_1_121' title='bbox 219 719 311 758; x_wconf 84' lang='lat' dir='ltr'>prima</span> <span class='ocrx_word' id='word_1_122' title='bbox 327 719 470 759; x_wconf 85' lang='lat' dir='ltr'>proelium</span> <span class='ocrx_word' id='word_1_123' title='bbox 486 720 590 758; x_wconf 86' lang='lat' dir='ltr'>ingens</span> <span class='ocrx_word' id='word_1_124' title='bbox 606 729 761 750; x_wconf 81' lang='lat' dir='ltr'>accensum</span> <span class='ocrx_word' id='word_1_125' title='bbox 778 725 829 749; x_wconf 88' lang='lat' dir='ltr'>est.</span> <span class='ocrx_word' id='word_1_126' title='bbox 860 730 914 749; x_wconf 84' lang='lat' dir='ltr'>nec</span> <span class='ocrx_word' id='word_1_127' title='bbox 930 720 1033 749; x_wconf 87' lang='lat' dir='ltr'>vallum</span> <span class='ocrx_word' id='word_1_128' title='bbox 1046 720 1132 749; x_wconf 86' lang='lat' dir='ltr'>modo</span> <span class='ocrx_word' id='word_1_129' title='bbox 1148 724 1279 749; x_wconf 83' lang='lat' dir='ltr'>tutantur</span> <span class='ocrx_word' id='word_1_130' title='bbox 1320 718 1321 727; x_wconf 62' lang='lat'>¹</span> 
     </span>
     <span class='ocr_line' id='line_1_16' title="bbox 217 762 1280 801; baseline 0 -11"><span class='ocrx_word' id='word_1_131' title='bbox 217 762 317 797; x_wconf 82' lang='lat' dir='ltr'>Poeni,</span> <span class='ocrx_word' id='word_1_132' title='bbox 334 762 392 797; x_wconf 81' lang='lat' dir='ltr'>sed,</span> <span class='ocrx_word' id='word_1_133' title='bbox 413 766 444 791; x_wconf 90' lang='lat' dir='ltr'>ut</span> <span class='ocrx_word' id='word_1_134' title='bbox 461 762 566 801; x_wconf 85' lang='lat' dir='ltr'>quibus</span> <span class='ocrx_word' id='word_1_135' title='bbox 581 762 664 792; x_wconf 80' lang='lat' dir='ltr'>locus</span> <span class='ocrx_word' id='word_1_136' title='bbox 679 762 798 801; x_wconf 80' lang='lat' dir='ltr'>aequior</span> <span class='ocrx_word' id='word_1_137' title='bbox 815 766 900 798; x_wconf 85' lang='lat' dir='ltr'>esset,</span> <span class='ocrx_word' id='word_1_138' title='bbox 925 762 1078 792; x_wconf 84' lang='lat' dir='ltr'>deturbant</span> <span class='ocrx_word' id='word_1_139' title='bbox 1095 762 1212 791; x_wconf 88' lang='lat' dir='ltr'>nitentis</span> <span class='ocrx_word' id='word_1_140' title='bbox 1228 770 1280 801; x_wconf 87' lang='lat' dir='ltr'>per</span> 
     </span>
    </p>

    <p class='ocr_par' dir='ltr' id='par_1_7' title="bbox 165 804 1280 886">
     <span class='ocr_line' id='line_1_17' title="bbox 165 804 1279 843; baseline 0 -11"><span class='ocrx_word' id='word_1_141' title='bbox 165 805 199 832; x_wconf 77' lang='lat'>14</span> <span class='ocrx_word' id='word_1_142' title='bbox 219 804 306 833; x_wconf 84' lang='lat' dir='ltr'>ardua</span> <span class='ocrx_word' id='word_1_143' title='bbox 323 804 430 833; x_wconf 82' lang='lat' dir='ltr'>hostes.</span> <span class='ocrx_word' id='word_1_144' title='bbox 462 804 550 833; x_wconf 83' lang='lat' dir='ltr'>vineit</span> <span class='ocrx_word' id='word_1_145' title='bbox 565 809 660 834; x_wconf 84' lang='lat' dir='ltr'>tamen</span> <span class='ocrx_word' id='word_1_146' title='bbox 678 805 773 834; x_wconf 79' lang='lat' dir='ltr'>omnia</span> <span class='ocrx_word' id='word_1_147' title='bbox 796 804 926 843; x_wconf 86' lang='lat' dir='ltr'>pertinax</span> <span class='ocrx_word' id='word_1_148' title='bbox 942 805 1049 840; x_wconf 89' lang='lat' dir='ltr'>virtus,</span> <span class='ocrx_word' id='word_1_149' title='bbox 1073 809 1099 833; x_wconf 89' lang='lat' dir='ltr'>et</span> <span class='ocrx_word' id='word_1_150' title='bbox 1114 804 1225 843; x_wconf 85' lang='lat' dir='ltr'>aliquot</span> <span class='ocrx_word' id='word_1_151' title='bbox 1241 804 1279 833; x_wconf 92' lang='lat' dir='ltr'>si-</span> 
     </span>
     <span class='ocr_line' id='line_1_18' title="bbox 217 845 1280 886; baseline 0 -12"><span class='ocrx_word' id='word_1_152' title='bbox 217 845 277 875; x_wconf 88' lang='lat' dir='ltr'>mul</span> <span class='ocrx_word' id='word_1_153' title='bbox 294 845 424 884; x_wconf 84' lang='lat' dir='ltr'>partibus</span> <span class='ocrx_word' id='word_1_154' title='bbox 440 846 473 875; x_wconf 81' lang='lat' dir='ltr'>ad</span> <span class='ocrx_word' id='word_1_155' title='bbox 489 846 593 876; x_wconf 87' lang='lat' dir='ltr'>vallum</span> <span class='ocrx_word' id='word_1_156' title='bbox 610 856 642 876; x_wconf 88' lang='lat' dir='ltr'>ac</span> <span class='ocrx_word' id='word_1_157' title='bbox 658 847 749 876; x_wconf 81' lang='lat' dir='ltr'>fossas</span> <span class='ocrx_word' id='word_1_158' title='bbox 765 852 935 886; x_wconf 87' lang='lat' dir='ltr'>perventum</span> <span class='ocrx_word' id='word_1_159' title='bbox 953 851 1010 883; x_wconf 84' lang='lat' dir='ltr'>est,</span> <span class='ocrx_word' id='word_1_160' title='bbox 1034 847 1082 875; x_wconf 87' lang='lat' dir='ltr'>sed</span> <span class='ocrx_word' id='word_1_161' title='bbox 1099 855 1164 876; x_wconf 89' lang='lat' dir='ltr'>cum</span> <span class='ocrx_word' id='word_1_162' title='bbox 1181 845 1280 875; x_wconf 87' lang='lat' dir='ltr'>multis</span> 
     </span>
    </p>

    <p class='ocr_par' dir='ltr' id='par_1_8' title="bbox 188 888 1319 1054">
     <span class='ocr_line' id='line_1_19' title="bbox 188 888 1280 928; baseline 0 -12"><span class='ocrx_word' id='word_1_163' title='bbox 188 893 202 916; x_wconf 90' lang='lat'>2</span> <span class='ocrx_word' id='word_1_164' title='bbox 217 888 384 917; x_wconf 87' lang='lat' dir='ltr'>volneribus</span> <span class='ocrx_word' id='word_1_165' title='bbox 401 898 433 917; x_wconf 84' lang='lat' dir='ltr'>ac</span> <span class='ocrx_word' id='word_1_166' title='bbox 448 888 537 918; x_wconf 84' lang='lat' dir='ltr'>multa</span> <span class='ocrx_word' id='word_1_167' title='bbox 554 889 694 928; x_wconf 82' lang='lat' dir='ltr'>pernicie.</span> <span class='ocrx_word' id='word_1_168' title='bbox 729 890 826 928; x_wconf 82' lang='lat' dir='ltr'>itaque</span> <span class='ocrx_word' id='word_1_169' title='bbox 850 889 1013 918; x_wconf 86' lang='lat' dir='ltr'>convocatis</span> <span class='ocrx_word' id='word_1_170' title='bbox 1029 889 1126 927; x_wconf 62' lang='lat' dir='ltr'>legatis</span> <span class='ocrx_word' id='word_1_171' title='bbox 1141 888 1280 918; x_wconf 82' lang='lat' dir='ltr'>tribunis-</span> 
     </span>
     <span class='ocr_line' id='line_1_20' title="bbox 217 930 1318 970; baseline 0.001 -12"><span class='ocrx_word' id='word_1_172' title='bbox 217 940 273 969; x_wconf 81' lang='lat' dir='ltr'>que</span> <span class='ocrx_word' id='word_1_173' title='bbox 296 930 419 959; x_wconf 88' lang='lat' dir='ltr'>militum</span> <span class='ocrx_word' id='word_1_174' title='bbox 444 931 546 960; x_wconf 88' lang='lat' dir='ltr'>consul</span> <span class='ocrx_word' id='word_1_175' title='bbox 569 931 766 960; x_wconf 83' lang='lat' dir='ltr'>absistendum</span> <span class='ocrx_word' id='word_1_176' title='bbox 790 931 943 960; x_wconf 83' lang='lat' dir='ltr'>temerario</span> <span class='ocrx_word' id='word_1_177' title='bbox 966 931 1083 970; x_wconf 86' lang='lat' dir='ltr'>incepto</span> <span class='ocrx_word' id='word_1_178' title='bbox 1106 931 1161 960; x_wconf 89' lang='lat' dir='ltr'>ait:</span> <span class='ocrx_word' id='word_1_179' title='bbox 1190 930 1280 960; x_wconf 87' lang='lat' dir='ltr'>tutius</span> <span class='ocrx_word' id='word_1_180' title='bbox 1317 965 1318 968; x_wconf 13' lang='grc' dir='ltr'><strong>Ἴ</strong></span> 
     </span>
     <span class='ocr_line' id='line_1_21' title="bbox 217 968 1319 1011; baseline 0.001 -11"><span class='ocrx_word' id='word_1_181' title='bbox 217 972 271 1000; x_wconf 87' lang='lat' dir='ltr'>sibi</span> <span class='ocrx_word' id='word_1_182' title='bbox 294 972 381 1001; x_wconf 87' lang='lat' dir='ltr'>videri</span> <span class='ocrx_word' id='word_1_183' title='bbox 405 973 503 1002; x_wconf 86' lang='lat' dir='ltr'>reduci</span> <span class='ocrx_word' id='word_1_184' title='bbox 528 982 561 1001; x_wconf 87' lang='lat' dir='ltr'>eo</span> <span class='ocrx_word' id='word_1_185' title='bbox 584 974 629 1002; x_wconf 86' lang='lat' dir='ltr'>die</span> <span class='ocrx_word' id='word_1_186' title='bbox 652 974 809 1002; x_wconf 84' lang='lat' dir='ltr'>exercitum</span> <span class='ocrx_word' id='word_1_187' title='bbox 833 973 1046 1007; x_wconf 81' lang='lat' dir='ltr'>Beneventum,</span> <span class='ocrx_word' id='word_1_188' title='bbox 1072 973 1137 1002; x_wconf 89' lang='lat' dir='ltr'>dein</span> <span class='ocrx_word' id='word_1_189' title='bbox 1162 978 1278 1011; x_wconf 88' lang='lat' dir='ltr'>postero</span> <span class='ocrx_word' id='word_1_190' title='bbox 1317 968 1319 978; x_wconf 80' lang='lat'><em>‘</em></span> 
     </span>
     <span class='ocr_line' id='line_1_22' title="bbox 217 1014 1319 1054; baseline -0.001 -11"><span class='ocrx_word' id='word_1_191' title='bbox 217 1019 309 1043; x_wconf 76' lang='lat' dir='ltr'>castra</span> <span class='ocrx_word' id='word_1_192' title='bbox 325 1014 426 1043; x_wconf 85' lang='lat' dir='ltr'>castris</span> <span class='ocrx_word' id='word_1_193' title='bbox 442 1015 568 1044; x_wconf 82' lang='lat' dir='ltr'>hostium</span> <span class='ocrx_word' id='word_1_194' title='bbox 586 1015 676 1053; x_wconf 77' lang='lat' dir='ltr'>iungi,</span> <span class='ocrx_word' id='word_1_195' title='bbox 701 1025 736 1044; x_wconf 85' lang='lat' dir='ltr'>ne</span> <span class='ocrx_word' id='word_1_196' title='bbox 754 1015 830 1044; x_wconf 84' lang='lat' dir='ltr'>exire</span> <span class='ocrx_word' id='word_1_197' title='bbox 847 1015 913 1044; x_wconf 90' lang='lat' dir='ltr'>inde</span> <span class='ocrx_word' id='word_1_198' title='bbox 931 1016 1068 1054; x_wconf 83' lang='lat' dir='ltr'>Campani</span> <span class='ocrx_word' id='word_1_199' title='bbox 1087 1024 1156 1044; x_wconf 86' lang='lat' dir='ltr'>neve</span> <span class='ocrx_word' id='word_1_200' title='bbox 1174 1014 1278 1043; x_wconf 88' lang='lat' dir='ltr'>Hanno</span> <span class='ocrx_word' id='word_1_201' title='bbox 1318 1016 1319 1023; x_wconf 65' lang='lat'>¹</span> 
     </span>
    </p>
   </div>
   <div class='ocr_carea' id='block_1_3' title="bbox 215 1071 726 1937">
    <p class='ocr_par' dir='ltr' id='par_1_9' title="bbox 215 1071 722 1271">
     <span class='ocr_line' id='line_1_23' title="bbox 215 1071 720 1103; baseline 0.002 -8"><span class='ocrx_word' id='word_1_202' title='bbox 215 1074 245 1101; x_wconf 79' lang='lat' dir='ltr'>(s.</span> <span class='ocrx_word' id='word_1_203' title='bbox 260 1073 296 1102; x_wconf 81' lang='lat'>14,</span> <span class='ocrx_word' id='word_1_204' title='bbox 310 1073 357 1102; x_wconf 83' lang='lat'>12),</span> <span class='ocrx_word' id='word_1_205' title='bbox 373 1071 441 1096; x_wconf 83' lang='lat' dir='ltr'>nicht</span> <span class='ocrx_word' id='word_1_206' title='bbox 450 1072 524 1103; x_wconf 83' lang='lat' dir='ltr'>lange</span> <span class='ocrx_word' id='word_1_207' title='bbox 535 1072 643 1097; x_wconf 80' lang='lat' dir='ltr'>naclilier</span> <span class='ocrx_word' id='word_1_208' title='bbox 657 1073 720 1097; x_wconf 87' lang='lat' dir='ltr'>auch</span> 
     </span>
     <span class='ocr_line' id='line_1_24' title="bbox 216 1105 720 1137; baseline 0.002 -8"><span class='ocrx_word' id='word_1_209' title='bbox 216 1105 280 1129; x_wconf 87' lang='lat' dir='ltr'>Nero</span> <span class='ocrx_word' id='word_1_210' title='bbox 292 1110 322 1133; x_wconf 80' lang='lat' dir='ltr'>(s.</span> <span class='ocrx_word' id='word_1_211' title='bbox 333 1106 373 1135; x_wconf 81' lang='lat'>22,</span> <span class='ocrx_word' id='word_1_212' title='bbox 384 1107 421 1136; x_wconf 82' lang='lat'>7);</span> <span class='ocrx_word' id='word_1_213' title='bbox 437 1113 463 1130; x_wconf 78' lang='lat' dir='ltr'>es</span> <span class='ocrx_word' id='word_1_214' title='bbox 473 1105 505 1129; x_wconf 81' lang='lat' dir='ltr'>ist</span> <span class='ocrx_word' id='word_1_215' title='bbox 514 1105 590 1130; x_wconf 80' lang='lat' dir='ltr'>daher</span> <span class='ocrx_word' id='word_1_216' title='bbox 600 1106 668 1137; x_wconf 81' lang='lat' dir='ltr'>nicht</span> <span class='ocrx_word' id='word_1_217' title='bbox 678 1106 720 1130; x_wconf 69' lang='lat' dir='ltr'>ab-</span> 
     </span>
     <span class='ocr_line' id='line_1_25' title="bbox 215 1138 720 1169; baseline 0.004 -7"><span class='ocrx_word' id='word_1_218' title='bbox 215 1138 333 1169; x_wconf 84' lang='lat' dir='ltr'>zusehen,</span> <span class='ocrx_word' id='word_1_219' title='bbox 356 1146 450 1163; x_wconf 84' lang='lat' dir='ltr'>warum</span> <span class='ocrx_word' id='word_1_220' title='bbox 465 1140 529 1169; x_wconf 85' lang='lat' dir='ltr'>jetzt</span> <span class='ocrx_word' id='word_1_221' title='bbox 546 1139 585 1163; x_wconf 88' lang='lat' dir='ltr'>die</span> <span class='ocrx_word' id='word_1_222' title='bbox 604 1139 720 1164; x_wconf 82' lang='lat' dir='ltr'>Ubereiu-</span> 
     </span>
     <span class='ocr_line' id='line_1_26' title="bbox 215 1172 721 1204; baseline 0.002 -8"><span class='ocrx_word' id='word_1_223' title='bbox 215 1172 288 1196; x_wconf 79' lang='lat' dir='ltr'>kunst</span> <span class='ocrx_word' id='word_1_224' title='bbox 306 1172 427 1204; x_wconf 79' lang='lat' dir='ltr'>getroffen</span> <span class='ocrx_word' id='word_1_225' title='bbox 447 1172 516 1197; x_wconf 89' lang='lat' dir='ltr'>wird.</span> <span class='ocrx_word' id='word_1_226' title='bbox 530 1187 560 1190; x_wconf 98' lang='lat'><strong>—</strong></span> <span class='ocrx_word' id='word_1_227' title='bbox 572 1174 721 1203; x_wconf 73' lang='lat' dir='ltr'>obvenerat]</span> 
     </span>
     <span class='ocr_line' id='line_1_27' title="bbox 217 1205 721 1234; baseline 0.002 -4"><span class='ocrx_word' id='word_1_228' title='bbox 217 1208 240 1232; x_wconf 73' lang='lat'>9,</span> <span class='ocrx_word' id='word_1_229' title='bbox 251 1207 289 1234; x_wconf 85' lang='lat'>31,</span> <span class='ocrx_word' id='word_1_230' title='bbox 301 1208 309 1230; x_wconf 96' lang='lat'>1</span> <span class='ocrx_word' id='word_1_231' title='bbox 323 1205 390 1230; x_wconf 81' lang='lat' dir='ltr'>steht</span> <span class='ocrx_word' id='word_1_232' title='bbox 400 1207 521 1230; x_wconf 71' lang='lat' dir='ltr'>obvenit-e</span> <span class='ocrx_word' id='word_1_233' title='bbox 532 1214 581 1231; x_wconf 80' lang='lat' dir='ltr'>von</span> <span class='ocrx_word' id='word_1_234' title='bbox 592 1206 635 1231; x_wconf 83' lang='lat' dir='ltr'>der</span> <span class='ocrx_word' id='word_1_235' title='bbox 644 1209 721 1231; x_wconf 72' lang='lat' dir='ltr'>sorti-</span> 
     </span>
     <span class='ocr_line' id='line_1_28' title="bbox 217 1239 722 1271; baseline 0.006 -9"><span class='ocrx_word' id='word_1_236' title='bbox 217 1242 267 1271; x_wconf 70' lang='grc' dir='ltr'>ιῑος</span> <span class='ocrx_word' id='word_1_237' title='bbox 289 1239 339 1271; x_wconf 82' lang='lat' dir='ltr'>vgl.</span> <span class='ocrx_word' id='word_1_238' title='bbox 360 1241 471 1271; x_wconf 75' lang='lat'>7,16‚3;</span> <span class='ocrx_word' id='word_1_239' title='bbox 492 1239 587 1264; x_wconf 82' lang='lat' dir='ltr'>Becker</span> <span class='ocrx_word' id='word_1_240' title='bbox 597 1242 653 1271; x_wconf 77' lang='lat'>2,2,</span> <span class='ocrx_word' id='word_1_241' title='bbox 668 1243 722 1265; x_wconf 84' lang='lat'>116.</span> 
     </span>
    </p>

    <p class='ocr_par' dir='ltr' id='par_1_10' title="bbox 217 1274 724 1708">
     <span class='ocr_line' id='line_1_29' title="bbox 253 1274 723 1304; baseline 0.002 -6"><span class='ocrx_word' id='word_1_242' title='bbox 253 1274 291 1298; x_wconf 88' lang='lat'>10.</span> <span class='ocrx_word' id='word_1_243' title='bbox 309 1281 356 1304; x_wconf 73' lang='lat' dir='ltr'>pel·</span> <span class='ocrx_word' id='word_1_244' title='bbox 375 1275 547 1304; x_wconf 77' lang='lat' dir='ltr'>quaestorem]</span> <span class='ocrx_word' id='word_1_245' title='bbox 567 1274 615 1298; x_wconf 85' lang='lat' dir='ltr'>wie</span> <span class='ocrx_word' id='word_1_246' title='bbox 629 1275 668 1303; x_wconf 83' lang='lat'>24,</span> <span class='ocrx_word' id='word_1_247' title='bbox 683 1275 723 1303; x_wconf 82' lang='lat'>23,</span> 
     </span>
     <span class='ocr_line' id='line_1_30' title="bbox 218 1304 719 1339; baseline 0.002 -8"><span class='ocrx_word' id='word_1_248' title='bbox 218 1308 239 1331; x_wconf 86' lang='lat'>3.</span> <span class='ocrx_word' id='word_1_249' title='bbox 258 1320 291 1323; x_wconf 88' lang='lat'><strong>—</strong></span> <span class='ocrx_word' id='word_1_250' title='bbox 317 1307 397 1330; x_wconf 78' lang='lat' dir='ltr'>alium</span> <span class='ocrx_word' id='word_1_251' title='bbox 421 1306 534 1339; x_wconf 78' lang='lat' dir='ltr'>turham]</span> <span class='ocrx_word' id='word_1_252' title='bbox 560 1307 609 1331; x_wconf 91' lang='lat' dir='ltr'>uud</span> <span class='ocrx_word' id='word_1_253' title='bbox 633 1304 719 1332; x_wconf 78' lang='lat' dir='ltr'>‘sonst&#39;</span> 
     </span>
     <span class='ocr_line' id='line_1_31' title="bbox 217 1340 723 1371; baseline 0.004 -7"><span class='ocrx_word' id='word_1_254' title='bbox 217 1340 272 1364; x_wconf 87' lang='lat' dir='ltr'>eine</span> <span class='ocrx_word' id='word_1_255' title='bbox 299 1341 389 1364; x_wconf 74' lang='lat' dir='ltr'>turba:</span> <span class='ocrx_word' id='word_1_256' title='bbox 417 1340 551 1365; x_wconf 43' lang='lat' dir='ltr'>Mensa-,hen</span> <span class='ocrx_word' id='word_1_257' title='bbox 579 1341 723 1371; x_wconf 81' lang='lat' dir='ltr'>(Fuhrleute</span> 
     </span>
     <span class='ocr_line' id='line_1_32' title="bbox 218 1373 722 1407; baseline 0.002 -9"><span class='ocrx_word' id='word_1_258' title='bbox 218 1376 291 1403; x_wconf 82' lang='lat' dir='ltr'>usw.)</span> <span class='ocrx_word' id='word_1_259' title='bbox 305 1373 354 1398; x_wconf 91' lang='lat' dir='ltr'>und</span> <span class='ocrx_word' id='word_1_260' title='bbox 368 1373 519 1401; x_wconf 77' lang='lat' dir='ltr'>Saumtiere:</span> <span class='ocrx_word' id='word_1_261' title='bbox 534 1382 563 1398; x_wconf 90' lang='lat' dir='ltr'>zu</span> <span class='ocrx_word' id='word_1_262' title='bbox 579 1375 659 1398; x_wconf 80' lang='lat' dir='ltr'>aliam</span> <span class='ocrx_word' id='word_1_263' title='bbox 672 1375 722 1407; x_wconf 85' lang='lat' dir='ltr'>vgl.</span> 
     </span>
     <span class='ocr_line' id='line_1_33' title="bbox 217 1407 723 1439; baseline 0.004 -8"><span class='ocrx_word' id='word_1_264' title='bbox 217 1409 241 1437; x_wconf 80' lang='grc'>4,</span> <span class='ocrx_word' id='word_1_265' title='bbox 259 1409 300 1437; x_wconf 81' lang='lat'>41,</span> <span class='ocrx_word' id='word_1_266' title='bbox 320 1408 342 1432; x_wconf 75' lang='lat' dir='ltr'>S.</span> <span class='ocrx_word' id='word_1_267' title='bbox 362 1422 393 1426; x_wconf 89' lang='lat'><strong>—</strong></span> <span class='ocrx_word' id='word_1_268' title='bbox 411 1408 537 1439; x_wconf 74' lang='lat' dir='ltr'>sut-mum]</span> <span class='ocrx_word' id='word_1_269' title='bbox 564 1407 604 1432; x_wconf 87' lang='lat' dir='ltr'>die</span> <span class='ocrx_word' id='word_1_270' title='bbox 629 1408 723 1433; x_wconf 88' lang='lat' dir='ltr'>Vertei-</span> 
     </span>
     <span class='ocr_line' id='line_1_34' title="bbox 218 1440 722 1472; baseline 0.002 -7"><span class='ocrx_word' id='word_1_271' title='bbox 218 1441 278 1472; x_wconf 82' lang='lat' dir='ltr'>lung</span> <span class='ocrx_word' id='word_1_272' title='bbox 302 1440 345 1465; x_wconf 86' lang='lat' dir='ltr'>der</span> <span class='ocrx_word' id='word_1_273' title='bbox 369 1441 438 1465; x_wconf 85' lang='lat' dir='ltr'>Zelte</span> <span class='ocrx_word' id='word_1_274' title='bbox 463 1441 512 1465; x_wconf 90' lang='lat' dir='ltr'>und</span> <span class='ocrx_word' id='word_1_275' title='bbox 536 1441 579 1465; x_wconf 88' lang='lat' dir='ltr'>der</span> <span class='ocrx_word' id='word_1_276' title='bbox 602 1442 722 1466; x_wconf 86' lang='lat' dir='ltr'>Soldaten</span> 
     </span>
     <span class='ocr_line' id='line_1_35' title="bbox 218 1474 723 1503; baseline 0.004 -5"><span class='ocrx_word' id='word_1_277' title='bbox 218 1475 243 1499; x_wconf 88' lang='lat' dir='ltr'>in</span> <span class='ocrx_word' id='word_1_278' title='bbox 261 1474 401 1503; x_wconf 64' lang='lat' dir='ltr'>dieselbem</span> <span class='ocrx_word' id='word_1_279' title='bbox 422 1475 540 1499; x_wconf 76' lang='lat' dir='ltr'>ordinem</span> <span class='ocrx_word' id='word_1_280' title='bbox 560 1475 658 1500; x_wconf 87' lang='lat' dir='ltr'>bezieht</span> <span class='ocrx_word' id='word_1_281' title='bbox 670 1476 723 1500; x_wconf 83' lang='lat' dir='ltr'>sicli</span> 
     </span>
     <span class='ocr_line' id='line_1_36' title="bbox 217 1507 723 1541; baseline 0.006 -10"><span class='ocrx_word' id='word_1_282' title='bbox 217 1507 262 1532; x_wconf 84' lang='lat' dir='ltr'>auf</span> <span class='ocrx_word' id='word_1_283' title='bbox 269 1507 308 1532; x_wconf 86' lang='lat' dir='ltr'>die</span> <span class='ocrx_word' id='word_1_284' title='bbox 320 1507 523 1540; x_wconf 81' lang='lat' dir='ltr'>Kriegsdisciplin</span> <span class='ocrx_word' id='word_1_285' title='bbox 535 1508 583 1532; x_wconf 89' lang='lat' dir='ltr'>und</span> <span class='ocrx_word' id='word_1_286' title='bbox 595 1508 723 1541; x_wconf 84' lang='lat' dir='ltr'>Ordnung,</span> 
     </span>
     <span class='ocr_line' id='line_1_37' title="bbox 218 1541 723 1573; baseline 0.004 -8"><span class='ocrx_word' id='word_1_287' title='bbox 218 1541 257 1566; x_wconf 87' lang='lat' dir='ltr'>die</span> <span class='ocrx_word' id='word_1_288' title='bbox 269 1541 336 1565; x_wconf 81' lang='lat' dir='ltr'>nieht</span> <span class='ocrx_word' id='word_1_289' title='bbox 347 1542 508 1573; x_wconf 82' lang='lat' dir='ltr'>gehandhabt</span> <span class='ocrx_word' id='word_1_290' title='bbox 519 1542 617 1566; x_wconf 78' lang='lat' dir='ltr'>werden</span> <span class='ocrx_word' id='word_1_291' title='bbox 628 1542 723 1567; x_wconf 84' lang='lat' dir='ltr'>konnte</span> 
     </span>
     <span class='ocr_line' id='line_1_38' title="bbox 217 1574 723 1606; baseline 0.006 -8"><span class='ocrx_word' id='word_1_292' title='bbox 217 1574 339 1605; x_wconf 85' lang='lat' dir='ltr'>(Wacben</span> <span class='ocrx_word' id='word_1_293' title='bbox 363 1577 435 1605; x_wconf 87' lang='lat' dir='ltr'>usw.)</span> <span class='ocrx_word' id='word_1_294' title='bbox 460 1590 493 1593; x_wconf 90' lang='lat'><strong>—</strong></span> <span class='ocrx_word' id='word_1_295' title='bbox 517 1578 642 1606; x_wconf 63' lang='lat' dir='ltr'>emer-nis]</span> <span class='ocrx_word' id='word_1_296' title='bbox 667 1584 723 1601; x_wconf 88' lang='lat' dir='ltr'>aus-</span> 
     </span>
     <span class='ocr_line' id='line_1_39' title="bbox 217 1608 723 1641; baseline 0.006 -9"><span class='ocrx_word' id='word_1_297' title='bbox 217 1608 378 1638; x_wconf 79' lang='lat' dir='ltr'>liindischen,</span> <span class='ocrx_word' id='word_1_298' title='bbox 402 1609 426 1632; x_wconf 87' lang='lat' dir='ltr'>iu</span> <span class='ocrx_word' id='word_1_299' title='bbox 446 1608 530 1641; x_wconf 81' lang='lat' dir='ltr'>Bezug</span> <span class='ocrx_word' id='word_1_300' title='bbox 554 1609 598 1633; x_wconf 79' lang='lat' dir='ltr'>auf</span> <span class='ocrx_word' id='word_1_301' title='bbox 621 1610 660 1634; x_wconf 85' lang='lat' dir='ltr'>die</span> <span class='ocrx_word' id='word_1_302' title='bbox 679 1610 723 1635; x_wconf 80' lang='lat' dir='ltr'>das</span> 
     </span>
     <span class='ocr_line' id='line_1_40' title="bbox 220 1641 724 1673; baseline 0.004 -7"><span class='ocrx_word' id='word_1_303' title='bbox 220 1642 297 1673; x_wconf 77' lang='lat' dir='ltr'>Lagei·</span> <span class='ocrx_word' id='word_1_304' title='bbox 317 1641 449 1667; x_wconf 86' lang='lat' dir='ltr'>bildendeu</span> <span class='ocrx_word' id='word_1_305' title='bbox 468 1643 566 1673; x_wconf 84' lang='lat' dir='ltr'>Punier,</span> <span class='ocrx_word' id='word_1_306' title='bbox 586 1642 609 1667; x_wconf 88' lang='lat' dir='ltr'>d.</span> <span class='ocrx_word' id='word_1_307' title='bbox 629 1643 651 1667; x_wconf 87' lang='lat'>11.</span> <span class='ocrx_word' id='word_1_308' title='bbox 672 1643 724 1668; x_wconf 80' lang='lat' dir='ltr'>hier</span> 
     </span>
     <span class='ocr_line' id='line_1_41' title="bbox 219 1675 630 1708; baseline 0.005 -9"><span class='ocrx_word' id='word_1_309' title='bbox 219 1676 273 1700; x_wconf 76' lang='lat' dir='ltr'>eine</span> <span class='ocrx_word' id='word_1_310' title='bbox 293 1675 383 1700; x_wconf 87' lang='lat' dir='ltr'>andere</span> <span class='ocrx_word' id='word_1_311' title='bbox 401 1675 512 1708; x_wconf 86' lang='lat' dir='ltr'>Sprache</span> <span class='ocrx_word' id='word_1_312' title='bbox 529 1676 630 1701; x_wconf 87' lang='lat' dir='ltr'>redend.</span> 
     </span>
    </p>

    <p class='ocr_par' dir='ltr' id='par_1_11' title="bbox 221 1710 726 1937">
     <span class='ocr_line' id='line_1_42' title="bbox 257 1710 723 1743; baseline 0.004 -10"><span class='ocrx_word' id='word_1_313' title='bbox 257 1711 293 1734; x_wconf 84' lang='lat'>12.</span> <span class='ocrx_word' id='word_1_314' title='bbox 312 1711 424 1733; x_wconf 66' lang='lat' dir='ltr'>sarcinis</span> <span class='ocrx_word' id='word_1_315' title='bbox 438 1729 443 1734; x_wconf 92' lang='lat'>.</span> <span class='ocrx_word' id='word_1_316' title='bbox 454 1729 459 1734; x_wconf 89' lang='lat'>.</span> <span class='ocrx_word' id='word_1_317' title='bbox 472 1710 723 1743; x_wconf 66' lang='lat' dir='ltr'>impedimentisque]</span> 
     </span>
     <span class='ocr_line' id='line_1_43' title="bbox 221 1742 725 1769; baseline 0.002 -2"><span class='ocrx_word' id='word_1_318' title='bbox 221 1742 306 1767; x_wconf 86' lang='lat' dir='ltr'>beides</span> <span class='ocrx_word' id='word_1_319' title='bbox 334 1743 494 1768; x_wconf 84' lang='lat' dir='ltr'>verschieden</span> <span class='ocrx_word' id='word_1_320' title='bbox 526 1751 575 1767; x_wconf 88' lang='lat' dir='ltr'>von</span> <span class='ocrx_word' id='word_1_321' title='bbox 608 1744 725 1769; x_wconf 87' lang='lat' dir='ltr'>einander</span> 
     </span>
     <span class='ocr_line' id='line_1_44' title="bbox 221 1776 725 1809; baseline 0.006 -10"><span class='ocrx_word' id='word_1_322' title='bbox 221 1778 353 1807; x_wconf 77' lang='lat' dir='ltr'>(sarcinae</span> <span class='ocrx_word' id='word_1_323' title='bbox 364 1776 463 1801; x_wconf 82' lang='lat' dir='ltr'>werden</span> <span class='ocrx_word' id='word_1_324' title='bbox 477 1785 534 1801; x_wconf 84' lang='lat' dir='ltr'>vom</span> <span class='ocrx_word' id='word_1_325' title='bbox 546 1777 665 1802; x_wconf 78' lang='lat' dir='ltr'>Soldaten</span> <span class='ocrx_word' id='word_1_326' title='bbox 683 1786 725 1809; x_wconf 81' lang='lat' dir='ltr'>ge-</span> 
     </span>
     <span class='ocr_line' id='line_1_45' title="bbox 223 1810 725 1842; baseline 0.006 -8"><span class='ocrx_word' id='word_1_327' title='bbox 223 1811 332 1842; x_wconf 81' lang='lat' dir='ltr'>tragen);</span> <span class='ocrx_word' id='word_1_328' title='bbox 357 1810 406 1842; x_wconf 85' lang='lat' dir='ltr'>vgl.</span> <span class='ocrx_word' id='word_1_329' title='bbox 421 1810 513 1841; x_wconf 83' lang='lat' dir='ltr'>jedoch</span> <span class='ocrx_word' id='word_1_330' title='bbox 531 1813 571 1841; x_wconf 78' lang='lat'>44,</span> <span class='ocrx_word' id='word_1_331' title='bbox 591 1813 630 1840; x_wconf 76' lang='lat'>38,</span> <span class='ocrx_word' id='word_1_332' title='bbox 650 1813 673 1837; x_wconf 80' lang='lat'>6.</span> <span class='ocrx_word' id='word_1_333' title='bbox 693 1826 725 1830; x_wconf 97' lang='lat'>—</span> 
     </span>
     <span class='ocr_line' id='line_1_46' title="bbox 222 1844 726 1875; baseline 0.004 -8"><span class='ocrx_word' id='word_1_334' title='bbox 222 1844 302 1875; x_wconf 80' lang='lat' dir='ltr'>paulo</span> <span class='ocrx_word' id='word_1_335' title='bbox 322 1847 382 1867; x_wconf 82' lang='lat' dir='ltr'>ante</span> <span class='ocrx_word' id='word_1_336' title='bbox 401 1844 491 1874; x_wconf 80' lang='lat' dir='ltr'>lucem]</span> <span class='ocrx_word' id='word_1_337' title='bbox 514 1845 558 1869; x_wconf 89' lang='lat' dir='ltr'>mit</span> <span class='ocrx_word' id='word_1_338' title='bbox 577 1844 726 1869; x_wconf 78' lang='lat' dir='ltr'>Nacbdruck</span> 
     </span>
     <span class='ocr_line' id='line_1_47' title="bbox 224 1877 726 1911; baseline 0.004 -10"><span class='ocrx_word' id='word_1_339' title='bbox 224 1877 403 1909; x_wconf 81' lang='lat' dir='ltr'>vorangestellt</span> <span class='ocrx_word' id='word_1_340' title='bbox 422 1878 457 1902; x_wconf 82' lang='lat' dir='ltr'>als</span> <span class='ocrx_word' id='word_1_341' title='bbox 476 1878 515 1902; x_wconf 88' lang='lat' dir='ltr'>die</span> <span class='ocrx_word' id='word_1_342' title='bbox 530 1878 670 1911; x_wconf 78' lang='lat' dir='ltr'>wichtigste</span> <span class='ocrx_word' id='word_1_343' title='bbox 681 1879 726 1903; x_wconf 92' lang='lat' dir='ltr'>Ur-</span> 
     </span>
     <span class='ocr_line' id='line_1_48' title="bbox 223 1910 539 1937; baseline 0.009 -3"><span class='ocrx_word' id='word_1_344' title='bbox 223 1910 297 1935; x_wconf 82' lang='lat' dir='ltr'>sache</span> <span class='ocrx_word' id='word_1_345' title='bbox 316 1910 360 1936; x_wconf 86' lang='lat' dir='ltr'>des</span> <span class='ocrx_word' id='word_1_346' title='bbox 378 1910 539 1937; x_wconf 68' lang='lat' dir='ltr'>Schreckens,</span> 
     </span>
    </p>
   </div>
   <div class='ocr_carea' id='block_1_4' title="bbox 550 87 735 112">
    <p class='ocr_par' dir='ltr' id='par_1_12' title="bbox 550 87 735 112">
     <span class='ocr_line' id='line_1_49' title="bbox 550 87 735 112; baseline -0.005 0"><span class='ocrx_word' id='word_1_347' title='bbox 550 87 642 112; x_wconf 84' lang='lat' dir='ltr'>LIBER</span> <span class='ocrx_word' id='word_1_348' title='bbox 660 87 735 112; x_wconf 80' lang='lat' dir='ltr'>XXV.</span> 
     </span>
    </p>
   </div>
   <div class='ocr_carea' id='block_1_5' title="bbox 771 87 956 113">
    <p class='ocr_par' dir='ltr' id='par_1_13' title="bbox 771 87 956 113">
     <span class='ocr_line' id='line_1_50' title="bbox 771 87 956 113; baseline 0.005 -1"><span class='ocrx_word' id='word_1_349' title='bbox 771 87 838 112; x_wconf 86' lang='lat' dir='ltr'>CAP.</span> <span class='ocrx_word' id='word_1_350' title='bbox 861 89 897 113; x_wconf 86' lang='lat'>13.</span> <span class='ocrx_word' id='word_1_351' title='bbox 919 89 956 113; x_wconf 88' lang='lat'>14.</span> 
     </span>
    </p>
   </div>
   <div class='ocr_carea' id='block_1_6' title="bbox 1148 97 1275 117">
    <p class='ocr_par' dir='ltr' id='par_1_14' title="bbox 1148 97 1275 117">
     <span class='ocr_line' id='line_1_51' title="bbox 1148 97 1275 117; baseline 0 -1"><span class='ocrx_word' id='word_1_352' title='bbox 1148 103 1167 116; x_wconf 74' lang='lat' dir='ltr'>a.</span> <span class='ocrx_word' id='word_1_353' title='bbox 1176 103 1196 116; x_wconf 85' lang='lat' dir='ltr'>u.</span> <span class='ocrx_word' id='word_1_354' title='bbox 1205 102 1223 117; x_wconf 78' lang='lat' dir='ltr'>c.</span> <span class='ocrx_word' id='word_1_355' title='bbox 1232 97 1275 117; x_wconf 78' lang='lat'>542.</span> 
     </span>
    </p>
   </div>
   <div class='ocr_carea' id='block_1_7' title="bbox 1302 483 1332 2150">
    <p class='ocr_par' dir='ltr' id='par_1_15' title="bbox 1302 483 1332 2150">
     <span class='ocr_line' id='line_1_52' title="bbox 1302 483 1332 2150; baseline 0 0"><span class='ocrx_word' id='word_1_356' title='bbox 1302 483 1332 2150; x_wconf 95' lang='lat' dir='ltr'>      </span> 
     </span>
    </p>
   </div>
   <div class='ocr_carea' id='block_1_8' title="bbox 773 1067 1332 1944">
    <p class='ocr_par' dir='ltr' id='par_1_16' title="bbox 773 1067 1332 1204">
     <span class='ocr_line' id='line_1_53' title="bbox 808 1067 1332 1104; baseline -0.004 -7"><span class='ocrx_word' id='word_1_357' title='bbox 808 1074 846 1097; x_wconf 82' lang='lat'>13.</span> <span class='ocrx_word' id='word_1_358' title='bbox 870 1072 993 1102; x_wconf 74' lang='lat' dir='ltr'>altitudo]</span> <span class='ocrx_word' id='word_1_359' title='bbox 1012 1080 1032 1096; x_wconf 86' lang='lat' dir='ltr'>s.</span> <span class='ocrx_word' id='word_1_360' title='bbox 1051 1072 1066 1104; x_wconf 65' lang='grc' dir='ltr'>ξ</span> <span class='ocrx_word' id='word_1_361' title='bbox 1085 1073 1108 1096; x_wconf 83' lang='lat'>5.</span> <span class='ocrx_word' id='word_1_362' title='bbox 1132 1086 1165 1089; x_wconf 97' lang='lat'><strong>—</strong></span> <span class='ocrx_word' id='word_1_363' title='bbox 1190 1071 1278 1100; x_wconf 76' lang='lat' dir='ltr'>defen-</span> <span class='ocrx_word' id='word_1_364' title='bbox 1317 1067 1332 1074; x_wconf 54' lang='lat'>¹</span> 
     </span>
     <span class='ocr_line' id='line_1_54' title="bbox 773 1106 1278 1138; baseline 0.002 -9"><span class='ocrx_word' id='word_1_365' title='bbox 773 1106 879 1138; x_wconf 79' lang='lat' dir='ltr'>derunt]</span> <span class='ocrx_word' id='word_1_366' title='bbox 902 1106 976 1130; x_wconf 71' lang='lat' dir='ltr'>niiuil.</span> <span class='ocrx_word' id='word_1_367' title='bbox 996 1108 1091 1130; x_wconf 79' lang='lat' dir='ltr'>castra.</span> <span class='ocrx_word' id='word_1_368' title='bbox 1110 1120 1141 1123; x_wconf 85' lang='lat'>-—</span> <span class='ocrx_word' id='word_1_369' title='bbox 1161 1106 1278 1135; x_wconf 80' lang='lat' dir='ltr'>ascensu]</span> 
     </span>
     <span class='ocr_line' id='line_1_55' title="bbox 773 1136 1318 1171; baseline -0.004 -7"><span class='ocrx_word' id='word_1_370' title='bbox 773 1139 816 1164; x_wconf 86' lang='lat' dir='ltr'>Ort</span> <span class='ocrx_word' id='word_1_371' title='bbox 826 1139 870 1164; x_wconf 85' lang='lat' dir='ltr'>des</span> <span class='ocrx_word' id='word_1_372' title='bbox 880 1139 1047 1171; x_wconf 81' lang='lat' dir='ltr'>Aussteigens,</span> <span class='ocrx_word' id='word_1_373' title='bbox 1059 1136 1190 1171; x_wconf 80' lang='lat' dir='ltr'>‘Zugang‘;</span> <span class='ocrx_word' id='word_1_374' title='bbox 1204 1138 1279 1163; x_wconf 85' lang='lat' dir='ltr'>nach·</span> <span class='ocrx_word' id='word_1_375' title='bbox 1316 1139 1318 1156; x_wconf 61' lang='lat' dir='ltr'>l</span> 
     </span>
     <span class='ocr_line' id='line_1_56' title="bbox 774 1173 1009 1204; baseline -0.009 -6"><span class='ocrx_word' id='word_1_376' title='bbox 774 1173 830 1198; x_wconf 88' lang='lat' dir='ltr'>her:</span> <span class='ocrx_word' id='word_1_377' title='bbox 848 1181 896 1204; x_wconf 74' lang='lat' dir='ltr'>per</span> <span class='ocrx_word' id='word_1_378' title='bbox 915 1173 1009 1197; x_wconf 73' lang='lat' dir='ltr'>ardua.</span> 
     </span>
    </p>

    <p class='ocr_par' dir='ltr' id='par_1_17' title="bbox 773 1206 1317 1473">
     <span class='ocr_line' id='line_1_57' title="bbox 811 1206 1279 1238; baseline -0.002 -7"><span class='ocrx_word' id='word_1_379' title='bbox 811 1209 848 1232; x_wconf 81' lang='lat'>14.</span> <span class='ocrx_word' id='word_1_380' title='bbox 876 1209 904 1230; x_wconf 80' lang='lat' dir='ltr'>ut</span> <span class='ocrx_word' id='word_1_381' title='bbox 929 1207 1031 1238; x_wconf 71' lang='lat' dir='ltr'>quihus]</span> <span class='ocrx_word' id='word_1_382' title='bbox 1058 1206 1105 1231; x_wconf 85' lang='lat' dir='ltr'>wie</span> <span class='ocrx_word' id='word_1_383' title='bbox 1129 1208 1170 1236; x_wconf 80' lang='lat'>23,</span> <span class='ocrx_word' id='word_1_384' title='bbox 1189 1208 1203 1232; x_wconf 89' lang='lat'><strong>3</strong></span> <span class='ocrx_word' id='word_1_385' title='bbox 1229 1206 1279 1230; x_wconf 88' lang='lat' dir='ltr'>und</span> 
     </span>
     <span class='ocr_line' id='line_1_58' title="bbox 775 1239 1280 1272; baseline 0 -8"><span class='ocrx_word' id='word_1_386' title='bbox 775 1240 947 1272; x_wconf 58' lang='lat' dir='ltr'>gewobnliclu</span> <span class='ocrx_word' id='word_1_387' title='bbox 959 1240 1094 1264; x_wconf 84' lang='lat' dir='ltr'>vereinzelt</span> <span class='ocrx_word' id='word_1_388' title='bbox 1104 1240 1206 1265; x_wconf 80' lang='lat' dir='ltr'>hatLiv.</span> <span class='ocrx_word' id='word_1_389' title='bbox 1216 1239 1280 1264; x_wconf 85' lang='lat' dir='ltr'>auch</span> 
     </span>
     <span class='ocr_line' id='line_1_59' title="bbox 775 1273 1317 1306; baseline 0.002 -9"><span class='ocrx_word' id='word_1_390' title='bbox 775 1276 871 1305; x_wconf 75' lang='lat' dir='ltr'>quippe</span> <span class='ocrx_word' id='word_1_391' title='bbox 895 1275 941 1305; x_wconf 84' lang='lat' dir='ltr'>qui</span> <span class='ocrx_word' id='word_1_392' title='bbox 963 1274 1021 1300; x_wconf 66' lang='lat' dir='ltr'>&lt;wie</span> <span class='ocrx_word' id='word_1_393' title='bbox 1045 1273 1093 1298; x_wconf 86' lang='lat' dir='ltr'>Cic.</span> <span class='ocrx_word' id='word_1_394' title='bbox 1119 1273 1280 1306; x_wconf 75' lang='lat' dir='ltr'>gewohntich</span> <span class='ocrx_word' id='word_1_395' title='bbox 1315 1292 1317 1298; x_wconf 64' lang='lat'>„</span> 
     </span>
     <span class='ocr_line' id='line_1_60' title="bbox 773 1307 1279 1339; baseline 0 -7"><span class='ocrx_word' id='word_1_396' title='bbox 773 1310 830 1339; x_wconf 81' lang='lat' dir='ltr'>sagt</span> <span class='ocrx_word' id='word_1_397' title='bbox 853 1307 933 1332; x_wconf 85' lang='lat' dir='ltr'>nebeu</span> <span class='ocrx_word' id='word_1_398' title='bbox 957 1310 1047 1338; x_wconf 79' lang='lat' dir='ltr'>utpote</span> <span class='ocrx_word' id='word_1_399' title='bbox 1070 1309 1136 1338; x_wconf 59' lang='grc' dir='ltr'><strong><em>(μιῆς</em></strong></span> <span class='ocrx_word' id='word_1_400' title='bbox 1162 1315 1182 1333; x_wconf 88' lang='lat' dir='ltr'>s.</span> <span class='ocrx_word' id='word_1_401' title='bbox 1206 1315 1237 1331; x_wconf 89' lang='lat' dir='ltr'>zu</span> <span class='ocrx_word' id='word_1_402' title='bbox 1258 1308 1279 1338; x_wconf 87' lang='lat'>1,</span> 
     </span>
     <span class='ocr_line' id='line_1_61' title="bbox 773 1338 1317 1373; baseline -0.004 -7"><span class='ocrx_word' id='word_1_403' title='bbox 773 1343 814 1371; x_wconf 74' lang='lat'>49,</span> <span class='ocrx_word' id='word_1_404' title='bbox 826 1343 848 1366; x_wconf 87' lang='grc'>3.</span> <span class='ocrx_word' id='word_1_405' title='bbox 858 1355 890 1358; x_wconf 89' lang='lat'>——</span> <span class='ocrx_word' id='word_1_406' title='bbox 904 1342 1022 1372; x_wconf 76' lang='lat' dir='ltr'>aequior]</span> <span class='ocrx_word' id='word_1_407' title='bbox 1032 1338 1189 1373; x_wconf 45' lang='grc' dir='ltr'>ἲΕὐηεῐίςειὲ,</span> <span class='ocrx_word' id='word_1_408' title='bbox 1203 1340 1233 1365; x_wconf 88' lang='lat' dir='ltr'>da</span> <span class='ocrx_word' id='word_1_409' title='bbox 1244 1340 1280 1365; x_wconf 84' lang='lat' dir='ltr'>sie</span> <span class='ocrx_word' id='word_1_410' title='bbox 1315 1351 1317 1359; x_wconf 76' lang='lat'>›</span> 
     </span>
     <span class='ocr_line' id='line_1_62' title="bbox 774 1375 1277 1406; baseline 0 -8"><span class='ocrx_word' id='word_1_411' title='bbox 774 1375 851 1399; x_wconf 74' lang='lat' dir='ltr'>hoher</span> <span class='ocrx_word' id='word_1_412' title='bbox 870 1375 969 1406; x_wconf 56' lang='lat' dir='ltr'>stellein</span> <span class='ocrx_word' id='word_1_413' title='bbox 989 1383 1009 1399; x_wconf 84' lang='lat' dir='ltr'>s.</span> <span class='ocrx_word' id='word_1_414' title='bbox 1029 1375 1068 1405; x_wconf 86' lang='grc'>22,</span> <span class='ocrx_word' id='word_1_415' title='bbox 1090 1376 1128 1403; x_wconf 85' lang='grc'>16,</span> <span class='ocrx_word' id='word_1_416' title='bbox 1145 1376 1168 1400; x_wconf 85' lang='lat'>2.</span> <span class='ocrx_word' id='word_1_417' title='bbox 1186 1388 1220 1393; x_wconf 93' lang='lat'>-</span> <span class='ocrx_word' id='word_1_418' title='bbox 1238 1376 1277 1398; x_wconf 80' lang='lat' dir='ltr'>ni-</span> 
     </span>
     <span class='ocr_line' id='line_1_63' title="bbox 775 1406 1279 1440; baseline 0 -8"><span class='ocrx_word' id='word_1_419' title='bbox 775 1406 1049 1440; x_wconf 72' lang='lat' dir='ltr'>tentis]=enitentis;</span> <span class='ocrx_word' id='word_1_420' title='bbox 1069 1408 1120 1440; x_wconf 85' lang='lat' dir='ltr'>vgl.</span> <span class='ocrx_word' id='word_1_421' title='bbox 1140 1408 1200 1433; x_wconf 85' lang='lat' dir='ltr'>Tac.</span> <span class='ocrx_word' id='word_1_422' title='bbox 1217 1407 1279 1433; x_wconf 73' lang='lat' dir='ltr'>nist.</span> 
     </span>
     <span class='ocr_line' id='line_1_64' title="bbox 774 1442 1209 1473; baseline 0 -6"><span class='ocrx_word' id='word_1_423' title='bbox 774 1445 797 1473; x_wconf 71' lang='lat'>3,</span> <span class='ocrx_word' id='word_1_424' title='bbox 817 1443 856 1466; x_wconf 85' lang='lat'>71.</span> <span class='ocrx_word' id='word_1_425' title='bbox 876 1456 909 1459; x_wconf 97' lang='lat'><strong>—</strong></span> <span class='ocrx_word' id='word_1_426' title='bbox 927 1442 1021 1473; x_wconf 75' lang='lat' dir='ltr'>ardua]</span> <span class='ocrx_word' id='word_1_427' title='bbox 1041 1449 1060 1466; x_wconf 91' lang='lat' dir='ltr'>s.</span> <span class='ocrx_word' id='word_1_428' title='bbox 1079 1449 1109 1466; x_wconf 91' lang='lat' dir='ltr'>zu</span> <span class='ocrx_word' id='word_1_429' title='bbox 1128 1444 1168 1472; x_wconf 86' lang='lat'>30,</span> <span class='ocrx_word' id='word_1_430' title='bbox 1187 1444 1209 1467; x_wconf 83' lang='lat'>5.</span> 
     </span>
    </p>

    <p class='ocr_par' dir='ltr' id='par_1_18' title="bbox 775 1474 1319 1844">
     <span class='ocr_line' id='line_1_65' title="bbox 808 1474 1280 1506; baseline -0.004 -5"><span class='ocrx_word' id='word_1_431' title='bbox 808 1474 851 1501; x_wconf 78' lang='lat'>14.</span> <span class='ocrx_word' id='word_1_432' title='bbox 875 1477 894 1500; x_wconf 72' lang='grc'>1,</span> <span class='ocrx_word' id='word_1_433' title='bbox 914 1477 948 1505; x_wconf 84' lang='lat' dir='ltr'>et]</span> <span class='ocrx_word' id='word_1_434' title='bbox 977 1475 1044 1500; x_wconf 77' lang='lat' dir='ltr'>steht</span> <span class='ocrx_word' id='word_1_435' title='bbox 1067 1475 1205 1506; x_wconf 85' lang='lat' dir='ltr'>explikativ</span> <span class='ocrx_word' id='word_1_436' title='bbox 1231 1474 1280 1499; x_wconf 90' lang='lat' dir='ltr'>und</span> 
     </span>
     <span class='ocr_line' id='line_1_66' title="bbox 776 1508 1319 1540; baseline 0 -7"><span class='ocrx_word' id='word_1_437' title='bbox 776 1508 889 1540; x_wconf 79' lang='lat' dir='ltr'>solgernd</span> <span class='ocrx_word' id='word_1_438' title='bbox 917 1517 947 1533; x_wconf 90' lang='lat' dir='ltr'>zu</span> <span class='ocrx_word' id='word_1_439' title='bbox 975 1509 1031 1533; x_wconf 86' lang='lat' dir='ltr'>dem</span> <span class='ocrx_word' id='word_1_440' title='bbox 1058 1508 1280 1540; x_wconf 81' lang='lat' dir='ltr'>vorhergehenden</span> <span class='ocrx_word' id='word_1_441' title='bbox 1318 1519 1319 1522; x_wconf 53' lang='lat'>¹</span> 
     </span>
     <span class='ocr_line' id='line_1_67' title="bbox 775 1539 1316 1575; baseline 0.002 -9"><span class='ocrx_word' id='word_1_442' title='bbox 775 1542 990 1575; x_wconf 78' lang='lat' dir='ltr'>Erfahrungssatz,</span> <span class='ocrx_word' id='word_1_443' title='bbox 1008 1554 1041 1564; x_wconf 87' lang='lat'><strong><em>=</em></strong></span> <span class='ocrx_word' id='word_1_444' title='bbox 1057 1539 1118 1567; x_wconf 86' lang='lat' dir='ltr'>‘und</span> <span class='ocrx_word' id='word_1_445' title='bbox 1137 1539 1182 1567; x_wconf 87' lang='lat' dir='ltr'>so&#39;.</span> <span class='ocrx_word' id='word_1_446' title='bbox 1198 1556 1231 1560; x_wconf 91' lang='lat'><strong>—</strong></span> <span class='ocrx_word' id='word_1_447' title='bbox 1250 1550 1280 1567; x_wconf 84' lang='lat' dir='ltr'>ac</span> <span class='ocrx_word' id='word_1_448' title='bbox 1314 1553 1316 1559; x_wconf 67' lang='lat'>=</span> 
     </span>
     <span class='ocr_line' id='line_1_68' title="bbox 775 1577 1279 1607; baseline 0.002 -7"><span class='ocrx_word' id='word_1_449' title='bbox 775 1577 857 1600; x_wconf 80' lang='lat' dir='ltr'>multa</span> <span class='ocrx_word' id='word_1_450' title='bbox 869 1578 996 1607; x_wconf 69' lang='lat' dir='ltr'>pernicie]</span> <span class='ocrx_word' id='word_1_451' title='bbox 1016 1578 1077 1600; x_wconf 82' lang='lat' dir='ltr'>statt</span> <span class='ocrx_word' id='word_1_452' title='bbox 1090 1584 1187 1607; x_wconf 74' lang='lat' dir='ltr'>magna</span> <span class='ocrx_word' id='word_1_453' title='bbox 1199 1578 1229 1606; x_wconf 90' lang='lat' dir='ltr'>(s.</span> <span class='ocrx_word' id='word_1_454' title='bbox 1240 1577 1279 1607; x_wconf 86' lang='lat'>24,</span> 
     </span>
     <span class='ocr_line' id='line_1_69' title="bbox 776 1609 1280 1641; baseline -0.002 -6"><span class='ocrx_word' id='word_1_455' title='bbox 776 1611 800 1639; x_wconf 80' lang='lat'>9,</span> <span class='ocrx_word' id='word_1_456' title='bbox 819 1612 843 1641; x_wconf 83' lang='lat'>6)</span> <span class='ocrx_word' id='word_1_457' title='bbox 868 1610 928 1634; x_wconf 86' lang='lat' dir='ltr'>oder</span> <span class='ocrx_word' id='word_1_458' title='bbox 946 1610 1088 1633; x_wconf 78' lang='lat' dir='ltr'>multorum</span> <span class='ocrx_word' id='word_1_459' title='bbox 1110 1611 1230 1641; x_wconf 73' lang='lat' dir='ltr'>pernicie</span> <span class='ocrx_word' id='word_1_460' title='bbox 1250 1609 1280 1639; x_wconf 86' lang='lat' dir='ltr'>(s.</span> 
     </span>
     <span class='ocr_line' id='line_1_70' title="bbox 779 1642 1278 1674; baseline -0.006 -5"><span class='ocrx_word' id='word_1_461' title='bbox 779 1645 816 1673; x_wconf 81' lang='lat'>16,</span> <span class='ocrx_word' id='word_1_462' title='bbox 835 1645 884 1674; x_wconf 73' lang='lat'>23),</span> <span class='ocrx_word' id='word_1_463' title='bbox 910 1643 958 1668; x_wconf 86' lang='lat' dir='ltr'>wie</span> <span class='ocrx_word' id='word_1_464' title='bbox 977 1643 1015 1667; x_wconf 88' lang='lat' dir='ltr'>bei</span> <span class='ocrx_word' id='word_1_465' title='bbox 1033 1642 1091 1667; x_wconf 80' lang='lat' dir='ltr'>Tac.</span> <span class='ocrx_word' id='word_1_466' title='bbox 1111 1643 1173 1668; x_wconf 83' lang='lat' dir='ltr'>Hist.</span> <span class='ocrx_word' id='word_1_467' title='bbox 1194 1645 1217 1674; x_wconf 89' lang='lat'>4,</span> <span class='ocrx_word' id='word_1_468' title='bbox 1235 1644 1278 1668; x_wconf 86' lang='lat'>30:</span> 
     </span>
     <span class='ocr_line' id='line_1_71' title="bbox 777 1677 1280 1708; baseline -0.002 -7"><span class='ocrx_word' id='word_1_469' title='bbox 777 1678 862 1701; x_wconf 72' lang='lat' dir='ltr'>trabes</span> <span class='ocrx_word' id='word_1_470' title='bbox 873 1677 1027 1708; x_wconf 56' lang='lat' dir='ltr'>persi-egere</span> <span class='ocrx_word' id='word_1_471' title='bbox 1037 1677 1120 1701; x_wconf 79' lang='lat' dir='ltr'>multa</span> <span class='ocrx_word' id='word_1_472' title='bbox 1129 1679 1280 1708; x_wconf 72' lang='lat' dir='ltr'>superstan-</span> 
     </span>
     <span class='ocr_line' id='line_1_72' title="bbox 778 1710 1278 1742; baseline 0.002 -8"><span class='ocrx_word' id='word_1_473' title='bbox 778 1713 843 1735; x_wconf 79' lang='lat' dir='ltr'>tium</span> <span class='ocrx_word' id='word_1_474' title='bbox 860 1712 992 1742; x_wconf 43' lang='lat' dir='ltr'>pernici&amp;</span> <span class='ocrx_word' id='word_1_475' title='bbox 1012 1710 1062 1742; x_wconf 81' lang='lat' dir='ltr'>vgl.</span> <span class='ocrx_word' id='word_1_476' title='bbox 1082 1710 1133 1734; x_wconf 83' lang='lat' dir='ltr'>Liv.</span> <span class='ocrx_word' id='word_1_477' title='bbox 1154 1712 1176 1742; x_wconf 82' lang='lat' dir='ltr'>S,</span> <span class='ocrx_word' id='word_1_478' title='bbox 1199 1711 1236 1742; x_wconf 81' lang='lat'>19,</span> <span class='ocrx_word' id='word_1_479' title='bbox 1250 1711 1278 1735; x_wconf 83' lang='lat'>8:</span> 
     </span>
     <span class='ocr_line' id='line_1_73' title="bbox 776 1742 1312 1782; baseline 0 -14"><span class='ocrx_word' id='word_1_480' title='bbox 776 1744 889 1768; x_wconf 72' lang='lat' dir='ltr'>militum</span> <span class='ocrx_word' id='word_1_481' title='bbox 903 1752 917 1768; x_wconf 88' lang='lat' dir='ltr'><em>a</em></span> <span class='ocrx_word' id='word_1_482' title='bbox 929 1744 1012 1768; x_wconf 78' lang='lat' dir='ltr'>multa</span> <span class='ocrx_word' id='word_1_483' title='bbox 1025 1744 1103 1768; x_wconf 82' lang='lat' dir='ltr'>caede</span> <span class='ocrx_word' id='word_1_484' title='bbox 1116 1747 1216 1768; x_wconf 76' lang='lat' dir='ltr'>tutatus</span> <span class='ocrx_word' id='word_1_485' title='bbox 1230 1746 1279 1772; x_wconf 67' lang='grc' dir='ltr'>θείς</span> <span class='ocrx_word' id='word_1_486' title='bbox 1309 1742 1312 1782; x_wconf 57' lang='lat' dir='ltr'>l</span> 
     </span>
     <span class='ocr_line' id='line_1_74' title="bbox 778 1776 1282 1809; baseline -0.004 -6"><span class='ocrx_word' id='word_1_487' title='bbox 778 1779 819 1809; x_wconf 85' lang='lat'>22,</span> <span class='ocrx_word' id='word_1_488' title='bbox 836 1779 876 1808; x_wconf 88' lang='lat'>31,</span> <span class='ocrx_word' id='word_1_489' title='bbox 896 1779 1000 1802; x_wconf 81' lang='lat' dir='ltr'>5:·cum</span> <span class='ocrx_word' id='word_1_490' title='bbox 1019 1778 1101 1801; x_wconf 81' lang='lat' dir='ltr'>multa</span> <span class='ocrx_word' id='word_1_491' title='bbox 1122 1778 1199 1802; x_wconf 81' lang='lat' dir='ltr'>caede</span> <span class='ocrx_word' id='word_1_492' title='bbox 1211 1798 1216 1802; x_wconf 92' lang='lat'>.</span> <span class='ocrx_word' id='word_1_493' title='bbox 1229 1796 1234 1802; x_wconf 89' lang='lat'><em>.</em></span> <span class='ocrx_word' id='word_1_494' title='bbox 1247 1776 1282 1801; x_wconf 83' lang='lat' dir='ltr'>ad</span> 
     </span>
     <span class='ocr_line' id='line_1_75' title="bbox 778 1811 1279 1844; baseline -0.002 -9"><span class='ocrx_word' id='word_1_495' title='bbox 778 1819 856 1835; x_wconf 81' lang='lat' dir='ltr'>naves</span> <span class='ocrx_word' id='word_1_496' title='bbox 875 1811 1003 1842; x_wconf 74' lang='lat' dir='ltr'>compulsi</span> <span class='ocrx_word' id='word_1_497' title='bbox 1024 1815 1097 1844; x_wconf 62' lang='lat' dir='ltr'>runt;</span> <span class='ocrx_word' id='word_1_498' title='bbox 1123 1813 1162 1841; x_wconf 84' lang='grc'>26,</span> <span class='ocrx_word' id='word_1_499' title='bbox 1182 1813 1221 1841; x_wconf 87' lang='lat'>38,</span> <span class='ocrx_word' id='word_1_500' title='bbox 1244 1812 1279 1836; x_wconf 88' lang='lat'>12.</span> 
     </span>
    </p>

    <p class='ocr_par' dir='ltr' id='par_1_19' title="bbox 776 1842 1328 1944">
     <span class='ocr_line' id='line_1_76' title="bbox 811 1842 1317 1876; baseline 0.002 -8"><span class='ocrx_word' id='word_1_501' title='bbox 811 1846 833 1869; x_wconf 86' lang='lat'>2.</span> <span class='ocrx_word' id='word_1_502' title='bbox 853 1848 939 1869; x_wconf 66' lang='lat' dir='ltr'>castra</span> <span class='ocrx_word' id='word_1_503' title='bbox 959 1847 1054 1869; x_wconf 71' lang='lat' dir='ltr'>castris</span> <span class='ocrx_word' id='word_1_504' title='bbox 1069 1864 1074 1869; x_wconf 91' lang='lat'><em>.</em></span> <span class='ocrx_word' id='word_1_505' title='bbox 1092 1864 1097 1869; x_wconf 93' lang='lat'>.</span> <span class='ocrx_word' id='word_1_506' title='bbox 1114 1846 1200 1876; x_wconf 73' lang='lat' dir='ltr'>iungi]</span> <span class='ocrx_word' id='word_1_507' title='bbox 1219 1842 1281 1869; x_wconf 83' lang='lat' dir='ltr'>‘sich</span> <span class='ocrx_word' id='word_1_508' title='bbox 1316 1863 1317 1866; x_wconf 23' lang='grc' dir='ltr'>η</span> 
     </span>
     <span class='ocr_line' id='line_1_77' title="bbox 776 1877 1328 1915; baseline 0.002 -13"><span class='ocrx_word' id='word_1_509' title='bbox 776 1878 801 1902; x_wconf 90' lang='lat' dir='ltr'>in</span> <span class='ocrx_word' id='word_1_510' title='bbox 821 1877 1328 1915; x_wconf 46' lang='lat' dir='ltr'>uumittelbarerNahejemaudesla-1¹·</span> 
     </span>
     <span class='ocr_line' id='line_1_78' title="bbox 778 1909 1310 1944; baseline 0 -8"><span class='ocrx_word' id='word_1_511' title='bbox 778 1909 853 1944; x_wconf 76' lang='lat' dir='ltr'>gern’;</span> <span class='ocrx_word' id='word_1_512' title='bbox 874 1912 923 1944; x_wconf 78' lang='lat' dir='ltr'>vgl.</span> <span class='ocrx_word' id='word_1_513' title='bbox 943 1914 982 1942; x_wconf 84' lang='lat'>23,</span> <span class='ocrx_word' id='word_1_514' title='bbox 1003 1913 1043 1942; x_wconf 72' lang='lat'>28,</span> <span class='ocrx_word' id='word_1_515' title='bbox 1061 1915 1090 1941; x_wconf 75' lang='lat'>9;</span> <span class='ocrx_word' id='word_1_516' title='bbox 1110 1920 1139 1936; x_wconf 91' lang='lat' dir='ltr'>zu</span> <span class='ocrx_word' id='word_1_517' title='bbox 1158 1914 1181 1943; x_wconf 87' lang='lat'>4,</span> <span class='ocrx_word' id='word_1_518' title='bbox 1200 1914 1240 1944; x_wconf 83' lang='lat'>27,</span> <span class='ocrx_word' id='word_1_519' title='bbox 1256 1913 1280 1936; x_wconf 84' lang='lat'>5.</span> <span class='ocrx_word' id='word_1_520' title='bbox 1308 1909 1310 1926; x_wconf 67' lang='lat'>³</span> 
     </span>
    </p>
   </div>
  </div>
 </body>
</html>
