1332 2150
233 91 271 120 62
577 93 668 118 LIBER
685 93 780 119 XXIIII.
817 94 885 119 CAP.
904 96 944 119 26.
1159 102 1294 123 a.u.c.54o.

201 182 215 206 2
232 177 358 207 exilium.
396 187 428 207 ea
451 187 516 208 cum
532 178 566 207 ad
582 188 613 208 se
629 188 748 217 quoque
762 179 854 208 veniri
875 180 1063 218 praescisset,
1084 180 1113 209 in
1137 180 1295 209 sacrarium

231 220 265 249 ad
282 224 402 258 penates
418 221 552 258 confugit
567 230 633 250 cum
646 221 758 250 duabus
773 221 886 251 filiabus
901 221 1062 260 virginibus
1086 222 1222 251 resolutis
1237 222 1294 251 cri-

200 267 214 290 3
232 262 319 292 nibus
340 263 556 301 miserabilique
578 263 633 292 alio
656 263 754 292 habitu
778 267 806 293 et
827 264 862 293 ad
884 273 915 293 ea
938 264 1046 293 addidit
1067 273 1185 302 preces,
1214 273 1294 294 nunc

232 313 284 343 per
300 304 372 339 deos,
388 314 465 334 nunc
476 314 529 344 per
545 306 712 334 memoriam
730 305 866 335 Hieronis
889 306 978 344 patris
994 305 1171 345 Gelonisque
1187 306 1293 342 fratris,

199 351 215 375 4
230 356 267 375 ne
283 356 314 376 se
330 347 477 376 innoxiam
493 347 597 376 invidia
611 347 780 386 Hieronymi
803 348 982 386 conflagrare
997 348 1142 378 sinerent:
1168 348 1239 378 nihil
1263 358 1294 378 se
1330 354 1332 368 ¹

230 397 264 418 ex
281 398 371 427 regno
386 389 463 418 illins
483 393 597 428 praeter
610 390 727 419 exilium
746 390 798 419 viri
812 390 926 426 habere,
943 400 1039 429 neque
1051 390 1198 420 fortunam
1210 399 1293 420 suam

229 431 349 460 eandem
366 431 428 460 vivo
446 432 623 470 Hieronymo
640 433 730 461 fnisse
748 441 833 470 quam
849 433 958 462 sororis
976 442 1071 471 neque
1088 433 1240 462 interfecto
1257 442 1292 462 eo

199 479 213 502 5
229 482 344 502 causam
358 473 478 502 eandem
489 483 562 503 esse.
585 474 654 512 quid
667 475 754 512 quod,
768 475 988 504 siAdranodoro
1002 475 1121 504 consilia
1131 475 1293 513 processis-

229 519 302 551 sent,
321 515 367 544 illa
384 525 449 544 cnm
467 516 526 544 viro
540 516 627 545 luerit
639 521 803 554 regnatura,
820 517 874 546 sibi
887 526 952 546 cum
969 517 1072 546 ceteris
1084 515 1292 546 serviendum?

197 562 211 586 6
227 558 251 587 si
268 557 333 596 quis
349 557 461 596 Zoippo
479 558 593 587 nuntiet
610 558 794 588 intersectum
813 559 1022 597 Hieronymum
1039 568 1071 588 ac
1090 559 1223 588 liberatas
1239 559 1292 597 Sy-

228 608 355 635 racusas,
372 600 418 628 oui
432 600 551 629 dubium
565 610 638 637 esse,
657 601 727 639 quin
745 601 889 640 extemplo
906 610 1122 631 conscensurus
1138 601 1176 630 sit
1192 610 1293 630 navem

198 647 211 669 7
227 645 314 679 atque
337 642 366 671 in
388 642 509 680 patriam
533 642 702 672 rediturus?
729 648 871 682 quantum
894 653 961 682 spes
984 643 1136 672 hominum
1158 643 1234 672 fallit
1261 642 1292 672 in

228 683 345 713 liberata
362 685 452 722 patria
469 684 623 722 coniugem
641 685 702 714 eius
718 695 751 714 ac
767 685 874 715 liberos
891 686 925 715 de
941 686 995 714 vita
1011 685 1148 714 dimicare
1164 702 1203 706 ——
1222 684 1293 723 quid

197 731 211 754 8
227 725 375 755 obstantes
391 726 515 756 libertati
531 731 579 756 aut
595 726 731 764 legibus?
754 728 831 766 quod
847 729 881 756 al)
906 737 936 756 se
958 727 1093 766 cuiquam
1118 727 1292 765 periculum,

225 777 240 797 a
256 768 316 797 sola
333 777 366 797 ac
382 778 475 807 prope
491 769 574 798 vidua
591 773 618 798 et
634 769 738 808 puellis
760 770 789 799 in
814 770 936 799 orbitate
959 769 1132 808 degentibus
1155 768 1240 799 esse?
1264 773 1293 798 at

785 834 842 859 dass
861 835 970 859 dieselbe
989 834 1053 859 noch
1072 834 1142 859 mehr
1167 835 1291 860 verschie-

226 834 403 866 consciverat]
421 834 529 859 namlich
545 836 609 864 sibi3
628 843 647 860 s.
658 837 682 865 9,
693 837 733 865 26,

785 869 833 893 den
853 876 970 900 gewesen
984 868 1036 893 sein
1049 868 1143 899 wiirde,
1162 876 1236 893 wenn
1252 869 1292 893 die

226 870 255 897 Ἲς
275 868 326 900 vgl.
345 876 375 892 zu
394 869 434 897 49,
454 870 476 893 4.

260 903 282 927 2.
302 902 394 933 veniri]
415 902 466 934 vgl.
485 903 508 932 2,
522 904 544 933 6,
557 904 584 931 ὃς
605 903 645 933 28,
657 904 679 930 7,
694 903 731 927 18.

224 950 257 953 —
269 938 296 959 ἰη
306 937 455 960 sacrat-ium
466 954 471 960 .
482 935 577 968 .]sae1·.
588 936 643 960 eine
655 935 732 960 Haus-

225 969 337 1001 kapelle3
357 977 376 993 s.
397 969 446 994 Cic.
465 969 489 993 in
511 969 579 994 Verr.
592 971 655 1000 4,4:
675 972 733 994 erat

225 1003 300 1035 apud
328 1004 422 1027 Heium
451 1005 601 1027 sacrarium
632 1011 731 1034 magna

224 1044 283 1061 cum
294 1037 425 1068 dignitate
436 1038 463 1060 in
474 1045 489 1060 α
498 1046 510 1060 e
518 1037 572 1061 dib
581 1045 626 1065 us;
640 1036 734 1061 Becker

224 1070 309 1095 Gallus
323 1070 358 1100 2²,
372 1072 426 1095 171.
442 1072 495 1095 192.
526 1071 591 1095 Uber
610 1070 657 1094 den
672 1078 732 1101 gan-

224 1111 269 1128 zen
288 1104 421 1129 Ausdruck
440 1112 458 1128 s.
479 1112 508 1128 zu
529 1105 568 1135 23,
583 1106 649 1129 8.-
661 1104 731 1133 filia-

224 1138 279 1168 bus]
305 1137 383 1162 findet
408 1137 461 1162 sich
486 1138 525 1162 bei
549 1138 574 1163 1.‚
601 1145 647 1162 nur
670 1138 731 1169 hier,

223 1171 274 1195 und
293 1172 356 1196 auch
375 1174 446 1196 sonst
465 1171 560 1196 kommt
577 1171 645 1196 diese
659 1171 731 1196 Form

223 1205 308 1230 ausser
327 1205 438 1230 seltenen
459 1208 488 1234 (s.
509 1205 584 1230 Prisc.
599 1205 638 1229 Vll
650 1207 673 1236 3,
687 1207 729 1230 10:

225 1238 288 1263 Calo
316 1241 343 1263 in
371 1240 536 1270 omgim‘hus:
563 1239 635 1262 (Ioles
662 1239 731 1268 filia-

224 1273 270 1296 bus
294 1275 348 1296 suis
367 1281 421 1297 non
440 1273 513 1301 dunt)
533 1272 593 1297 oder
615 1272 658 1296 der
676 1273 731 1305 spii-

222 1309 291 1331 teren
319 1306 373 1331 Zeit
399 1306 593 1337 angehorenden
618 1305 730 1338 Beispie-

222 1341 262 1365 len
291 1348 337 1364 nur
363 1340 396 1364 ini
425 1340 580 1372 Gegensatze
607 1348 638 1364 zu
666 1340 730 1369 tiliix

223 1382 278 1402 vor:
299 1374 350 1405 vgl.
370 1376 410 1404 38,
429 1376 469 1404 527,
483 1376 510 1399 2:
531 1374 632 1397 duabus
650 1374 729 1403 filiis;

223 1407 292 1432 Neue
315 1408 347 1437 1²,
362 1409 402 1432 27.
430 1407 496 1432 Uber
514 1407 553 1432 die
567 1408 729 1432 Zusaminen-

222 1441 334 1473 stellung
344 1441 435 1465 zweier
445 1440 615 1470 Substanfiva,
626 1449 675 1465 von
687 1441 728 1466 de-

223 1483 269 1499 nen
289 1475 334 1499 das
353 1475 408 1499 eine
428 1475 538 1499 Attribut
557 1475 600 1499 des
620 1475 728 1499 anderen

221 1509 263 1538 ist,
282 1509 332 1540 vgl.
352 1516 382 1532 zu
405 1511 424 1538 1,
444 1510 484 1537 26,
503 1510 526 1534 2.
546 1510 586 1538 28,
609 1510 629 1534 1.

257 1544 279 1567 3.
308 1543 343 1566 ad
366 1544 405 1572 ea]
430 1542 454 1566 in
478 1542 562 1574 Bezug
582 1542 626 1566 auf
648 1544 729 1566 erini-

223 1577 269 1600 bus
286 1596 291 1601 .
303 1596 308 1601 .
328 1590 359 1593 —
379 1584 449 1600 nune
471 1584 519 1607 per
544 1576 604 1600 deos
620 1595 624 1600 .
639 1578 654 1605 .]
678 1576 729 1608 vgl.

222 1612 263 1641 23,
287 1611 322 1635 ιο.
341 1611 381 1640 27,
401 1611 427 1638 7;
447 1610 513 1634 Curt.
534 1612 556 1639 4,
580 1611 617 1641 14,
636 1611 676 1634 24.
696 1624 729 1628 —

222 1645 400 1675 conflagrare]
419 1656 452 1665 =
470 1645 570 1674 ρει-ἱνα
590 1651 610 1668 S.
629 1645 670 1674 22,
687 1645 727 1673 35,

223 1680 250 1706 3:
271 1680 310 1707 40,
333 1679 370 1707 15,
390 1678 413 1702 9.

255 1715 279 1737 4.
308 1711 470 1742 Aussnhrung
497 1719 547 1735 von
573 1712 726 1735 innoam'am:

222 1745 306 1770 weder
330 1752 374 1769 vor
399 1745 463 1769 noch
488 1744 550 1769 nach
575 1744 631 1769 dem
656 1744 726 1769 Tode

221 1779 265 1803 des
284 1779 450 1811 Hieronymus
468 1779 503 1803 sei
523 1779 575 1802 ihre
592 1778 657 1809 Lage
677 1778 727 1802 die-

221 1813 290 1838 selbe
298 1820 425 1844 gewesen,
434 1812 480 1836 wie
491 1812 530 1836 die
538 1812 602 1836 ihrer
609 1812 726 1836 Sehwes-

222 1849 258 1871 ter
277 1847 418 1874 Demaraten
443 1846 504 1870 dflzu
531 1846 592 1871 wird
612 1847 626 1876 ξ
645 1848 659 1870 5
679 1846 725 1875 (als

221 1880 346 1905 stfirkeres
379 1880 517 1911 Argument
550 1880 627 1904 durch
662 1880 727 1910 quid

221 1915 292 1945 qnod
310 1913 533 1945 gekennzeichnet)
552 1913 725 1945 hinzugesiigt,

784 902 861 927 Plane
874 902 916 927 der
928 902 1057 932 Demarata
1070 902 1218 934 ausgeffilirt
1228 910 1292 927 wor-

784 936 832 960 den
844 936 936 960 waren.
956 936 1021 960 Uber
1032 943 1137 960 causum
1148 944 1167 961 s.
1179 944 1210 960 zu
1222 937 1262 967 2¹,
1271 938 1291 961 1.

819 972 841 994 5.
859 971 1056 1001 processissent]
1075 977 1094 994 s.
1114 977 1143 993 zu
1167 971 1204 1000 13,
1224 971 1246 994 7.
1259 984 1292 988 -—

784 1003 1051 1033 illa..seru1'endum]
1077 1003 1101 1027 in
1121 1003 1188 1028 Orat.
1206 1006 1290 1028 recta:

785 1037 855 1068 quod
878 1037 925 1060 illa
950 1036 1004 1065 fuit
1028 1039 1176 1067 regnatura
1188 1056 1193 1061 .
1206 1056 1211 1061 .
1226 1038 1292 1061 mila·

783 1070 949 1094 serviendum
957 1070 1031 1100 (sicit)
1040 1080 1045 1098 ;
1053 1078 1072 1095 s.
1080 1072 1102 1099 5,
1110 1072 1150 1100 53,
1158 1072 1180 1095 9.
1195 1070 1291 1102 Wegen
1331 1079 1332 1084 ¹

783 1104 826 1128 der
850 1104 927 1128 durch
952 1104 1022 1135 quod
1046 1104 1192 1136 gegebenen
1218 1104 1293 1129 Form'

783 1138 826 1162 des
839 1137 1008 1162 Nebensatzes
1021 1138 1090 1162 steht
1100 1137 1167 1162 nieht
1177 1138 1220 1162 der
1230 1139 1290 1163 Ace.

783 1179 803 1196 c.
825 1171 869 1196 ins.

817 1207 839 1230 6.
859 1207 882 1229 si
900 1206 958 1236 quis
975 1224 980 1229 .
992 1206 1007 1234 .]
1033 1204 1073 1229 ein
1098 1212 1175 1229 neuer
1193 1204 1288 1229 Grund:

784 1239 809 1262 Z.
829 1239 865 1263 sei
883 1246 912 1263 so
931 1239 1014 1270 wenig
1033 1238 1073 1262 ein
1092 1238 1168 1263 Feind
1186 1238 1230 1263 der
1243 1239 1290 1264 Re-

784 1272 878 1304 publik,
892 1271 948 1297 dass
959 1279 984 1296 er
994 1291 999 1296 .
1012 1290 1017 1296 .
1029 1286 1059 1289 —
1074 1275 1201 1303 quantum
1214 1272 1288 1303 falli}
1331 1296 1332 1307 χ

784 1306 823 1330 ein
835 1306 934 1336 Ausruf,
948 1305 991 1330 der
1005 1305 1051 1330 wie
1065 1306 1120 1330 eine
1133 1306 1289 1331 rhetorische

783 1340 862 1371 Frage
880 1340 913 1363 im
932 1340 991 1364 Ace.
1010 1347 1031 1364 c.
1052 1339 1095 1364 inf.
1119 1339 1198 1368 steht;
1225 1348 1245 1364 s.
1265 1342 1288 1370 4,
1331 1365 1332 1376 ἵ

783 1375 806 1404 2,
825 1375 852 1401 4;
872 1375 895 1404 S,
914 1375 954 1403 33,
974 1374 1016 1397 13:
1035 1376 1197 1404 quantum..
1209 1375 1289 1397 inter-

783 1409 848 1431 esse!
867 1409 890 1438 9,
912 1409 950 1438 11,
973 1408 1000 1431 12
1021 1414 1044 1430 11.
1064 1414 1084 1431 a.

815 1443 836 1465 7.
857 1443 884 1464 in
905 1441 1016 1464 liberata
1040 1441 1139 1471 pall-io]
1165 1439 1205 1464 die
1228 1440 1287 1465 freie

781 1475 935 1506 Versassung
954 1476 1037 1498 musse
1053 1473 1181 1505 grosseren
1195 1473 1288 1503 Schutz

781 1509 914 1541 gewahren
934 1508 971 1532 als
990 1508 1029 1532 die
1042 1507 1169 1539 Despotie.
1179 1522 1211 1525 —
1222 1509 1285 1537 eius]

781 1551 805 1567 n.
817 1542 861 1567 des
869 1542 987 1574 Zoippus.
998 1555 1030 1559 -—-
1041 1541 1072 1564 de
1083 1543 1136 1564 vica
1148 1541 1284 1571 dimicare]
1331 1551 1332 1558 1

777 1574 907 1601 ‘schwebe
920 1576 944 1599 in
955 1572 1155 1606 Lebensgesahr’;
1174 1582 1194 1599 s.
1208 1576 1232 1606 3,
1246 1577 1286 1604 44,

784 1612 824 1638 11;
851 1610 900 1634 Cic.
926 1618 950 1641 p.
968 1608 1032 1633 Sest.
1054 1611 1079 1636 1;
1106 1616 1129 1640 p.
1152 1608 1226 1633 Arch.
1246 1610 1286 1634 29.

779 1658 811 1661 —-
822 1644 887 1675 quid
905 1642 1044 1673 obslmzlex]
1066 1643 1147 1673 quid?
1158 1655 1191 1664 ==
1203 1643 1284 1671 m'lu'l;

779 1686 799 1702 s.
819 1685 848 1701 zu
859 1678 988 1707 21‚30,6;
1009 1675 1052 1700 der
1071 1676 1161 1700 Zusatz
1180 1676 1286 1706 εηιὴῑιίῑ,

779 1710 894 1743 obgleich
925 1717 970 1733 nur
1004 1709 1150 1733 attributive
1180 1709 1285 1734 Bestim-

779 1752 863 1776 rnung,
883 1743 955 1768 einen
975 1751 1054 1767 neuen
1074 1743 1170 1774 Grund,
1190 1743 1233 1767 der
1252 1743 1285 1767 im

779 1777 923 1810 Folgenden
944 1777 1030 1801 weiter
1048 1776 1195 1808 ausgesuhrt
1213 1776 1283 1801 wird.

812 1814 835 1837 8.
854 1819 869 1835 a
888 1810 956 1843 sola]
976 1811 1016 1835 die
1026 1810 1223 1842 Wiederliolung
1242 1810 1286 1834 der

778 1846 881 1877 Prapos.
902 1849 930 1873 (s.
943 1847 966 1874 3,
977 1846 1016 1875 31,
1027 1846 1055 1873 3;
1075 1846 1097 1873 6,
1110 1846 1149 1874 38,
1163 1846 1187 1874 3)
1201 1846 1283 1869 trennt

778 1879 825 1903 den
845 1878 940 1910 Begriff
954 1886 1003 1902 von
1023 1878 1078 1902 dein
1094 1877 1284 1909 Vorhergehen-

777 1913 825 1937 den
845 1912 893 1937 und
912 1912 972 1936 lasst
991 1912 1030 1936 die
1044 1912 1130 1936 Worte
1143 1912 1180 1936 als
1193 1911 1283 1936 selbst-
1330 1918 1332 1942 ᾗ
