1332 2150
225 61 284 90 156
571 62 662 88 LIBER
680 62 755 87 XXV.
791 62 860 89 CAP.
882 64 919 88 16.

192 154 206 178 6
222 149 246 178 is
258 153 365 178 mutata
382 152 501 187 repente
513 148 660 178 voluntate
672 148 769 177 locum
782 148 888 186 gratiae
903 148 978 187 apud
992 148 1122 177 Poenum
1139 158 1281 187 quaerens

222 200 318 229 neque
335 191 457 220 transire
479 191 541 230 ipse
565 200 660 229 neque
675 191 789 220 trahere
804 191 838 220 ad
854 190 1047 220 desectionem
1065 190 1198 220 Lucanos
1214 191 1282 221 satis

221 233 331 268 habuit,
348 233 402 262 nisi
418 233 600 272 imperatoris
616 238 644 262 et
660 233 787 262 eiusdem
803 233 926 271 hospitis
942 233 1048 272 proditi
1068 232 1160 271 capite
1172 242 1204 262 ac
1215 242 1281 262 san-

193 280 205 303 7
223 275 311 313 guine
328 275 429 304 foedus
445 284 511 304 cum
528 275 658 304 hostibus
675 275 823 304 sanxisset.
854 275 889 304 ad
905 275 1067 313 Magonem,
1084 274 1133 313 qui
1149 275 1178 303 in
1197 274 1281 305 Brut-

222 317 269 346 tiis
284 322 429 356 praeerat,
450 317 522 347 clam
540 318 568 346 in
585 317 763 356 colloquium
780 317 857 346 venit
873 317 987 356 fideque
1002 317 1036 346 ab
1053 326 1087 346 eo
1104 321 1236 355 accepta,
1258 317 1282 347 si

222 359 385 389 Romanum
402 359 436 388 iis
452 359 655 398 imperatorem
672 359 851 395 tradidisset,
873 359 980 388 liberos
1002 368 1068 388 cum
1091 359 1150 388 suis
1169 359 1282 397 legibus

222 406 360 431 venturos
376 402 404 430 in
422 402 575 431 amicitiam
592 401 734 437 Lucanos,
752 401 865 430 deducit
882 401 1013 430 Poenum
1030 401 1060 430 in
1076 401 1173 430 locum
1189 411 1283 440 anqu-

191 448 205 472 8
220 448 312 479 stum,·
328 453 357 473 eo
374 453 437 473 cum.
450 444 549 482 paucis
561 443 722 473 Gracchum
739 444 930 473 adducturum
946 444 1000 473 ait:
1018 443 1100 481 Mago
1117 443 1156 472 ibi
1172 444 1284 482 pedites

221 486 392 524 equitesque
407 489 533 515 armatos
548 503 587 506 —
604 490 632 515 et
648 495 751 524 capere
768 495 814 515 eas
830 485 953 515 latebras
966 486 1114 524 ingentem
1127 495 1282 515 numerum

190 532 205 557 9
220 545 260 549 ——
278 528 433 557 occuleret.
465 527 529 557 loco
553 528 622 557 satis
645 528 776 567 inspecto
799 532 885 566 atque
907 528 1036 566 undique
1058 527 1205 566 explorato
1222 528 1283 557 dies

222 570 382 608 composita
404 570 546 607 gerendae
569 570 610 599 rei
634 575 685 599 est.
716 570 820 599 Flavus
842 570 875 599 ad
892 570 1055 599 Romanum
1079 570 1283 609 imperatorem

177 617 205 640 10
220 612 306 641 venit.
334 621 394 641 rem
410 621 440 640 se
452 612 490 641 ait
505 621 637 650 magnam
650 613 812 648 incohasse,
829 613 862 641 ad
876 621 961 651 quam
974 612 1179 651 perficiendam
1191 613 1284 651 ipsius

222 653 344 683 Gracchi
362 663 449 692 opera
466 663 540 692 opus
558 664 628 683 esse.
660 655 789 684 omnium
812 654 988 693 populorum
1013 654 1210 693 praetoribus,
1233 655 1283 693 qui

221 696 255 725 ad
272 696 402 725 Poenum
420 696 449 725 in
467 696 515 725 illo
532 697 679 725 communi
696 696 793 726 ltaliae
809 701 891 726 motu
907 697 1076 731 descissent,
1097 697 1284 735 persuasisse,

177 743 202 767 11
220 742 251 767 ut
263 738 391 767 redirent
404 738 433 767 in
446 738 602 767 amicitiam
612 738 818 774 Romanorum,
836 739 950 777 quando
963 748 1010 767 res
1019 748 1135 777 quoque
1144 738 1284 775 Romana,

221 790 294 818 quae
311 789 403 819 prope
419 781 537 809 exitium
561 781 641 809 clade
657 780 802 810 Cannensi
824 781 965 816 venisset,
987 781 1017 810 in
1040 781 1100 810 dies
1123 781 1226 810 melior
1241 785 1283 810 at-

221 832 277 860 que
293 822 405 851 auctior
421 823 511 857 fieret,
528 822 698 852 Hannibalis
714 823 756 852 vis
772 827 937 852 senesceret
953 832 986 852 ac
1003 832 1094 861 prope
1109 823 1143 852 ad
1161 823 1285 852 nihilum

178 869 205 893 12
221 865 354 894 venisset.
386 865 473 894 veteri
489 865 594 894 delicto
611 865 687 894 haud
707 865 888 904 inplacabilis
911 866 973 894 fore
989 864 1151 894 Romanos:
1175 865 1283 894 nullam

1157 77 1175 91 a.
1183 77 1203 91 n.
1213 77 1230 91 c.
1237 72 1280 92 542.
1306 62 1308 67 Ι

222 939 285 970 illis]
305 947 325 963 s.
337 940 361 969 9,
371 940 393 969 8,
404 940 434 963 2:
449 946 498 963 von
511 939 573 963 eben
584 939 626 964 der
637 939 728 970 Partei,

223 980 253 997 an
273 973 347 997 deren
367 972 451 1004 Spitze
471 980 497 997 er
515 972 596 997 stand.

255 1008 278 1031 6.
299 1007 423 1036 transire]
443 1006 494 1038 vgl.
515 1008 555 1036 26,
576 1007 614 1036 12,
634 1009 662 1032 5:
682 1008 728 1038 qui

222 1059 228 1065 .
242 1059 247 1063 .
259 1041 405 1069 transisset,
424 1058 445 1063 ..
456 1048 504 1063 nec
522 1040 578 1063 ulla
596 1040 669 1068 facta
689 1042 727 1064 est

221 1075 354 1098 transilio.
390 1073 438 1097 Zur
457 1073 537 1097 Sache
556 1073 606 1105 vgl.
626 1075 666 1103 22,
686 1075 727 1104 22,

220 1109 243 1132 7.
262 1121 293 1125 —
313 1109 338 1130 el
356 1107 480 1138 eiusdem]
499 1104 558 1131 ‘und
578 1104 707 1139 zugleich‘.

253 1142 275 1165 7.
296 1142 322 1164 in
336 1141 447 1164 Bruttiis
460 1142 594 1171 praeerat]
614 1148 633 1165 s.
644 1148 674 1165 zu
687 1143 725 1170 15,

219 1176 242 1199 9.
255 1189 284 1191 —
298 1176 336 1198 si.
348 1193 353 1198 .
365 1174 526 1204 tradidisset]
540 1176 611 1199 sonst
625 1174 725 1199 werden

219 1207 305 1232 solche
323 1207 503 1239 Redingungen
523 1207 591 1232 nieht
610 1208 726 1240 gemacht

220 1244 249 1271 (s.
269 1243 310 1272 23,
329 1243 352 1271 7,
375 1244 398 1271 l;
418 1243 458 1270 24,
481 1243 501 1269 1,
524 1243 552 1266 13
571 1249 595 1265 u.
615 1243 656 1272 a),
674 1241 725 1266 und

219 1274 282 1299 nach
308 1276 322 1306 ξ
342 1277 356 1300 6
381 1275 413 1299 ist
437 1274 477 1299 die
501 1275 657 1307 Ermordung
681 1275 725 1300 des

219 1308 346 1333 Gracchus
381 1308 459 1333 sehon
486 1316 535 1333 von
564 1309 655 1333 Flavus
684 1309 726 1333 be-

219 1342 358 1367 schlossen.
370 1356 401 1359 —
416 1344 457 1373 iis]
474 1342 521 1366 den
532 1342 640 1367 Puniern
654 1342 725 1367 fiber-

218 1376 304 1407 haupt.
324 1390 356 1394 —
376 1384 434 1400 cum
454 1376 554 1406 legibus
573 1378 636 1406 suis]
660 1384 680 1401 s.
702 1377 724 1406 S,

219 1411 242 1435 S.
269 1411 308 1441 23,
328 1412 356 1438 4;
385 1411 531 1439 24,1,13;
560 1411 600 1440 37,
620 1411 660 1439 54,
679 1411 726 1435 26:

221 1443 354 1473 Carthago
375 1443 457 1466 libera
475 1451 533 1467 cum
551 1445 605 1467 suis
625 1444 725 1475 legibus

219 1480 264 1501 ese·
274 1491 307 1494 —
324 1478 351 1500 in
366 1476 451 1500 Iocum
465 1480 606 1507 anguslnm
619 1496 624 1501 .
636 1479 651 1507 .]
671 1477 724 1502 Val.

218 1510 283 1535 Max.
312 1512 382 1541 sagt:
417 1510 553 1534 Gracchus
567 1530 572 1534 .
590 1530 596 1535 .
613 1512 640 1534 ιή
667 1519 725 1534 eum

219 1544 303 1568 locum
326 1543 467 1571 deductus,
494 1545 521 1567 in
546 1552 596 1575 quo
608 1564 630 1569 ..
645 1545 724 1575 Mago

218 1586 276 1602 cum
293 1580 397 1601 armata
415 1585 497 1601 *mauu
510 1578 662 1606 delituere&
682 1586 725 1602 zur

218 1611 341 1636 Situation
354 1611 404 1643 vgl.
416 1612 456 1642 28,
467 1613 508 1641 35,
519 1614 545 1635 4:
561 1619 619 1635 cum
631 1614 724 1643 paucis

219 1647 245 1669 in
261 1645 419 1676 colloquium
439 1647 510 1669 venit
528 1645 578 1669 und
598 1647 638 1675 21,
650 1647 689 1675 54,
700 1647 722 1670 3.

252 1680 274 1704 5,
304 1679 444 1708 occuleret]
473 1678 522 1710 vgl.
547 1680 591 1709 35,
617 1680 661 1710 28,
684 1681 721 1704 11:

218 1715 343 1744 quantam
358 1712 553 1736 multitudinem
567 1713 638 1736 Iocus
649 1720 724 1737 occu-

217 1747 270 1770 lere
281 1749 394 1778 poterat,
406 1746 525 1770 condidit
535 1749 720 1771 caetratorum.

250 1782 273 1805 9.
291 1780 424 1811 gerendae
442 1781 490 1810 rei]
510 1780 542 1804 ist
560 1780 644 1807 Dativ;
665 1788 684 1805 S.
699 1782 722 1810 3,

220 1815 260 1842 14;
272 1815 360 1844 35,35‚
372 1815 412 1838 15:
424 1821 498 1845 quem
511 1813 577 1837 diem
586 1814 721 1845 patrando

216 1847 333 1876 facinori
350 1850 488 1872 statuerat.

253 1882 292 1905 10.
302 1889 382 1912 opera
394 1881 468 1913 opus]
483 1881 629 1905 absichtlich
641 1881 720 1906 neben

779 938 897 963 einander
922 939 1030 971 gestellt.
1054 954 1087 957 -—
1113 939 1282 971 populorum]

778 972 818 997 die
831 972 959 997 einzelnen
973 973 1020 997 den
1036 973 1200 997 lukanischen
1211 972 1283 997 Bund

778 1007 802 1037 (ξ
815 1008 857 1031 14:
878 1014 953 1030 omne
968 1014 1060 1030 nomen
1072 1006 1219 1037 Lucanum)
1239 1006 1284 1030 bil-

778 1039 875 1064 denden
895 1039 1010 1068 Stantem
1030 1047 1048 1064 s.
1073 1042 1091 1071 1,
1107 1041 1131 1064 2.
1150 1054 1183 1058 —
1200 1039 1283 1072 motet]

777 1073 974 1105 Erschiitterung
993 1073 1035 1097 der
1053 1073 1203 1105 politischen
1222 1074 1284 1098 Ver:

778 1106 910 1136 ha'ltnisse;
931 1115 950 1131 s.
970 1108 1011 1137 24,
1031 1109 1071 1137 35,
1093 1109 1112 1132 1.

814 1142 851 1165 11.
863 1141 978 1172 quando]
990 1153 1021 1162 =
1030 1140 1086 1165 dem
1097 1140 1283 1172 gewohnliche-

777 1181 819 1198 ren
839 1174 944 1205 quando
963 1175 1066 1205 quidem
1086 1174 1146 1198 oder
1164 1174 1283 1205 quando-

778 1215 827 1239 que
845 1210 874 1239 (s.
894 1215 923 1231 zu
943 1209 1018 1238 3,52,
1032 1209 1078 1239 10),
1098 1207 1145 1232 wie
1164 1209 1283 1238 322.—

778 1243 888 1273 quoque]
917 1241 949 1265 ist
967 1241 1012 1265 auf
1027 1241 1073 1266 den
1093 1241 1288 1273 Gesamtbegriff

777 1283 818 1299 res
836 1274 953 1299 lfomana
973 1282 1003 1299 zu
1023 1275 1141 1300 beziehen
1160 1276 1190 1305 (s,
1210 1283 1240 1299 zu
1258 1277 1282 1306 4,

777 1310 817 1338 41,
836 1310 861 1339 3)
887 1308 936 1333 und
961 1308 1020 1333 la'l‘st
1044 1308 1091 1333 den
1117 1308 1283 1340 allgeineinen

777 1341 913 1367 Gedanken
938 1344 1128 1367 voraussetzen:
1154 1342 1206 1366 ihre
1224 1342 1283 1367 Ver-

777 1376 898 1400 haltnisse
925 1375 974 1400 und
1002 1376 1137 1400 Ansichten
1170 1376 1281 1401 miissten

777 1409 867 1434 andere
893 1409 1009 1440 werden,
1035 1409 1065 1433 da
1091 1409 1143 1434 sich
1169 1410 1233 1434 auch
1256 1410 1282 1435 in

778 1443 839 1467 Rom
859 1443 914 1468 eine
933 1443 1017 1475 grosse
1027 1443 1206 1475 Veranderung
1218 1443 1282 1468 voll-

777 1477 862 1507 ziehe,
887 1476 930 1501 der
954 1476 1025 1501 Staat
1049 1476 1102 1501 sich
1126 1476 1188 1501 hebe
1213 1485 1281 1507 usw;

777 1511 829 1542 vgl.
840 1512 879 1541 26,
891 1512 914 1540 3,
926 1512 948 1535 7.
959 1525 990 1528 -—
1001 1510 1102 1540 melior]
1117 1518 1135 1535 s.
1151 1512 1188 1541 12,
1201 1512 1238 1536 10.
1249 1525 1282 1529 —-

778 1547 883 1568 auctior
901 1544 984 1574 fieret]
1003 1556 1036 1565 =
1049 1547 1207 1574 augerelnt·;
1226 1552 1245 1569 s.
1257 1546 1281 1576 4,

777 1580 799 1608 2,
810 1580 832 1603 4.
849 1579 886 1609 19,
901 1580 919 1603 l.
931 1593 963 1595 —
972 1579 1124 1607 senesceret]
1138 1585 1157 1602 s.
1168 1585 1198 1602 zu
1209 1579 1281 1608 7,11.

813 1612 848 1636 12.
869 1613 950 1635 veteri
960 1611 1063 1642 delicto]
1084 1611 1151 1635 steht
1169 1611 1238 1636 nicht
1255 1612 1280 1637 in

776 1645 920 1677 Beziehung
927 1653 957 1670 zu
967 1645 1133 1668 rebellionem
1141 1647 1280 1677 maiorum,

775 1678 882 1703 sondern
901 1687 931 1703 zu
947 1678 990 1703 der
1008 1678 1041 1702 im
1052 1678 1280 1710 Vorhergehenden

775 1712 972 1744 angedeuteten,
998 1714 1047 1736 erst
1067 1713 1132 1743 jetzt
1158 1712 1280 1744 eingetre-

776 1748 849 1771 tenen
869 1746 1027 1777 Hinneigung
1048 1753 1076 1769 zu
1097 1745 1144 1770 den
1165 1745 1280 1778 Roman,

774 1779 883 1804 welcher
896 1779 939 1803 der
949 1779 1039 1808 Abfall,
1059 1779 1174 1811 obgleich
1192 1787 1218 1804 er
1230 1782 1280 1804 erst

773 1821 818 1837 vor
838 1813 1057 1845 wenigenJahren
1076 1813 1166 1845 erlolgt
1184 1814 1224 1843 ist,
1243 1813 1279 1838 als

773 1847 812 1871 ein
829 1850 902 1870 velus
913 1847 1035 1871 delictum
1050 1846 1279 1879 entgegengestellt

774 1880 873 1905 werden
890 1880 997 1909 konnte;
1017 1880 1081 1905 denn
1099 1883 1179 1911 vetus,
1198 1888 1279 1904 novus

1325 1279 1332 1338 l

1327 1333 1332 1500 l
