1332 2150
161 670 190 693 10

160 839 188 863 15

213 78 272 108 110
658 78 823 104 PERIOCHA.

615 214 729 253 ΤΙΤΙ
752 214 871 253 LIVI

327 282 374 312 AB
396 281 495 311 URBE
520 280 683 312 conum
705 281 806 312 LIBRI
828 281 933 312 xxnn
955 280 1154 311 PERlocHA.

277 365 450 398 Hieronymus,
467 365 681 403 Syracusanorum
691 372 742 395 rex,
761 365 832 390 cuius
845 366 916 397 pater
929 364 1002 389 Hiero
1016 364 1110 389 amicus
1125 364 1211 397 populi
1221 364 1270 389 Ro-

208 399 275 424 mani
299 399 391 429 fuerat,
416 399 447 423 ad
467 398 685 431 Carthaginienses
709 398 800 423 defecit
825 401 850 423 et
868 401 969 431 propter
993 397 1166 423 crudelitatem
1185 406 1270 430 super-

209 433 326 465 biamque
344 440 357 457 a
376 433 428 457 suis
447 432 593 457 interfectus
611 434 658 458 est.
686 431 741 456 Tib.
755 431 917 464 Sempronius
928 432 1053 457 Gracchus
1067 432 1201 464 proconsul
1215 439 1271 464 pro-

209 474 281 499 spere
293 466 414 491 adversus
431 467 528 491 Poenos
544 469 569 490 et
581 466 728 490 Hannonem
747 466 836 491 ducem
853 466 884 490 ad
895 466 1066 491 Beneventum
1079 465 1202 498 pugnavit
1220 473 1270 490 ser·
1320 475 1321 481 ¹

209 508 297 525 vorum
317 500 423 524 maxime
435 507 519 532 opera,
538 507 601 532 quos
620 500 712 524 liberos
725 507 780 524 esse
792 500 872 525 iussit.
901 499 1018 524 Claudius
1031 499 1164 524 Marcellus
1183 499 1271 524 consul

208 534 234 558 in
245 534 337 564 Sicilia,
357 541 420 566 quae
431 541 509 571 prope
521 536 571 558 tota
583 533 613 557 ad
625 533 723 558 Poenos
734 533 865 565 defecerat,
881 533 1017 566 Syracusas
1028 533 1134 558 obsedit
1154 533 1271 565 Philippo
1320 532 1321 558 ἕ

209 567 373 592 Macedonum
388 568 439 599 regi
454 567 547 591 bellum
562 567 682 592 indictum
696 570 742 597 est,
761 567 803 599 qui
819 567 849 591 ad
859 553 1018 606 Apolloniam
1036 569 1158 591 nocturno
1175 566 1271 599 proelio
1320 566 1322 599 ᾖ

209 608 346 634 oppressus
364 601 515 633 fugatusque
534 603 561 625 in
571 600 743 626 Macedoniam
763 609 818 625 cum
837 608 915 633 prope
931 601 1018 625 inermi
1032 600 1142 625 exercitu
1152 600 1271 633 profugit.
1320 603 1322 628 3

209 635 240 659 ad
259 635 283 659 id
309 635 401 659 bellum
427 635 562 666 gerendum
581 634 613 659 M.
633 634 746 659 Valerius
769 637 869 666 praetor
893 635 992 660 missus.
1028 642 1068 659 res
1093 637 1221 666 praeterea
1246 634 1271 658 in
1321 633 1322 669 ζ

209 669 326 701 Hispania
343 676 356 692 a
372 668 398 693 Ρ
413 673 438 693 et
451 669 494 693 Cn.
505 668 664 700 Scipionibus
683 668 804 693 adversus
820 668 1025 701 Cathaginienses
1044 671 1128 700 gestas
1152 668 1271 698 continet,
1321 676 1322 684 ¹

208 710 222 727 a
241 703 330 734 quibus
350 701 461 735 Syphax,
480 710 523 727 rex
542 702 682 732 Numidiae,
701 702 727 727 in
746 702 881 727 amicitiam
900 702 1018 731 adscitus,
1038 702 1080 734 qui
1099 701 1270 732 aMasmissa,

207 736 384 768 Massyliorum
407 744 480 768 rege,
499 744 544 768 pro
563 735 811 768 Carthaginiensibus
830 739 959 768 pugnante
977 736 1059 760 victus
1083 735 1108 759 in
1127 734 1270 767 Hispaniam

207 770 238 794 ad
257 769 399 801 Scipionem
418 778 474 794 cum
492 777 584 801 magna
603 777 678 794 manu
697 770 794 794 transiit
813 772 898 794 contra
912 769 1002 800 Gades,
1021 769 1062 793 ubi
1081 770 1192 807 angusto
1208 768 1271 792 freto

207 804 290 828 Africa
309 806 334 828 et
344 803 462 835 Hispania
481 803 637 828 dirimuntur.
666 804 937 835 [Celtiberiquoquein
948 803 1082 827 amicitiam
1099 802 1193 835 recepti
1204 805 1271 833 sunt,
1320 801 1322 818 ³

209 845 314 870 quorum
333 837 431 862 auxiliis
441 837 544 862 adscitis
556 839 615 862 tunc
626 837 733 870 primum
743 837 940 862 mercennarium
953 837 1058 862 militem
1068 836 1179 862 Romana
1189 838 1270 861 castra
1321 843 1322 866 j

207 871 367 901 habuerunt.]

279 940 315 964 14.
336 938 475 963 Celtiberi.
487 959 492 964 .
504 939 655 963 habuerunt
672 938 764 963 erklart
783 938 840 962 Wss.
859 938 897 963 fiir
916 938 1016 965 unecht.
