1332 2150
214 130 254 159 22
580 131 671 156 LIBER
690 131 781 156 XXllll.
817 131 886 156 GAP.
905 133 927 157 S.

1137 146 1155 159 a⁴
1169 146 1188 159 u.
1204 146 1221 160 c.
1233 141 1277 160 539.

214 227 301 253 anno,
319 217 365 246 cui
382 221 413 245 tu
430 216 589 255 praefuisti,
606 217 694 246 trium
711 226 809 246 rerum
827 226 910 246 causa
927 217 1100 255 paravimus,
1116 222 1147 247 ut
1162 218 1274 247 Africae

216 269 295 289 oram
312 258 512 297 popularetur,
536 264 568 289 ut
583 263 643 288 tuta
661 259 744 288 nobis
761 259 857 289 ltaliae
872 259 954 288 litora
972 265 1078 295 essent,
1098 264 1163 289 ante
1180 260 1276 289 omnia

216 311 253 331 ne
276 302 512 339 supplementum
542 311 606 330 cum
630 301 774 340 stipendio
798 306 1018 339 commeatuque
1044 301 1078 330 ab
1106 301 1276 340 Carthagine

172 350 198 373 15
216 343 369 372 Hannibali
393 348 648 382 transportaretur.
680 348 775 373 create
797 344 945 373 consulem
963 344 996 372 T.
1021 343 1189 379 Otacilium,
1216 353 1275 373 non

212 386 275 415 dico
292 385 316 414 si
332 385 427 414 omnia
445 386 530 420 haec,
553 386 603 414 sed
619 386 642 414 51
659 386 766 424 aliquid
784 395 885 415 eorum
909 386 949 415 rei
973 386 1106 424 publicae
1124 386 1275 424 praestitit.

212 428 256 457 sin
280 432 373 457 autem
397 432 424 456 te
448 428 566 457 classem
584 427 734 457 obtinente
749 437 781 457 ea
797 428 881 457 etiam
897 428 974 457 velut
990 432 1090 466 pacato
1106 427 1194 463 mari,
1211 428 1276 466 qui-

212 470 266 499 bus
281 479 351 508 opus
365 479 424 499 non
439 475 513 504 erat,
535 470 688 499 Hannibali
710 474 770 499 tuta
785 476 871 508 atque
892 471 1002 507 integra
1025 470 1060 499 ab
1083 470 1168 499 domo
1189 479 1275 499 vene-

168 519 196 542 16
211 517 290 548 runt,
305 512 329 541 si
346 521 394 540 ora
409 512 504 541 ltaliae
520 512 653 541 infestior
668 513 725 541 hoc
739 521 816 541 anno
833 522 917 550 quam
935 512 1047 541 Africae
1062 512 1131 548 fuit,
1148 512 1216 551 quid
1233 512 1275 540 di-

212 564 279 584 cere
292 559 384 592 potes,
398 559 489 583 curte
503 555 684 592 potissimum
699 554 801 583 ducem
814 554 966 583 Hannibali
981 554 1056 583 hosti
1070 553 1276 592 opponamus‘i>

169 603 193 627 17
211 597 234 625 si
252 596 353 625 consul
371 605 458 630 esses,
482 596 648 625 dictatorem
666 596 820 625 dicendum
837 597 968 635 exemplo
985 597 1126 625 maiorum
1144 600 1276 625 nostrum

211 648 408 672 censeremus,
423 648 476 667 nec
488 643 518 667 tu
533 638 559 667 id
571 638 714 676 indignari
725 648 836 677 posses,
850 639 975 676 aliquem
985 638 1014 667 in
1028 638 1140 667 civitate
1148 638 1276 667 Romana

209 681 359 709 meliorem
371 680 445 709 bello
462 680 560 709 haberi
577 690 662 718 quain
680 686 716 709 te.
747 681 838 719 magis
850 680 959 710 nullius
977 681 1097 709 interest
1113 689 1198 718 quam
1217 685 1275 715 tua,

210 723 242 752 T.
261 722 379 758 Otacili,
404 732 461 751 non
484 723 594 760 imponi
619 723 778 751 cervicibus
794 723 851 751 tuis
868 732 957 758 onus,
981 722 1035 751 sub
1051 731 1109 760 quo
1131 722 1275 751 concidas.

166 772 194 796 18
210 774 263 802 ego
282 774 458 802 magnopere
475 765 581 793 suadeo
605 774 731 802 oroque,
753 764 852 793 eodem
869 765 983 800 animo,
1006 773 1064 802 quo
1087 764 1110 793 si
1133 764 1276 793 stantibus

210 807 290 835 vobis
311 807 340 835 in
357 808 415 835 acie
432 807 547 835 armatis
570 811 690 844 repente
713 806 857 844 deligendi
882 807 938 835 duo
962 807 1152 844 imperatores
1169 810 1275 842 essent,

211 858 336 887 quorum
353 848 440 877 ductu
457 854 543 886 atque
560 848 690 886 auspicio
711 849 901 883 dimicaretis,
924 848 1009 877 bodie
1034 857 1152 886 quoque
1168 857 1275 877 consu-

167 897 194 920 19
209 891 251 920 les
267 891 386 924 creetis,
411 890 516 929 quibus
539 895 719 920 sacramento
742 890 824 920 liberi
846 890 932 919 vestri
954 891 1068 925 dicant,
1092 890 1126 919 ad
1150 899 1275 928 quorum

209 974 339 998 devastati
355 981 457 1002 sumus,
478 993 482 997 .
501 992 505 997 .
524 977 554 997 ul
579 974 713 1001 videntum

209 1010 249 1037 44,
275 1009 314 1035 36,
342 1009 382 1036 13,
409 1007 459 1038 vgl.
486 1008 508 1037 7,
534 1008 573 1037 33,
593 1009 621 1036 7;
646 1008 715 1031 Caes.

209 1041 258 1066 BG.
278 1043 301 1071 6,
312 1042 390 1069 35,·2;
411 1041 461 1065 Cio.
481 1040 512 1064 de
531 1048 565 1065 or.
585 1042 607 1071 3,
621 1043 665 1069 54;
684 1040 714 1064 ad

210 1075 266 1099 sam.
288 1076 327 1104 15,
350 1076 369 1104 1,
389 1077 402 1099 5
423 1082 447 1098 u.
468 1082 489 1098 a.

245 1110 282 1133 15.
301 1108 397 1139 create]
423 1107 467 1132 der
492 1107 589 1132 Redner
615 1107 716 1132 wendet

209 1142 261 1166 sich
287 1142 338 1166 bier
358 1149 387 1165 an
407 1141 451 1165 das
471 1141 549 1171 Volk,
574 1149 614 1165 um
637 1141 715 1165 durch

207 1176 247 1200 die
267 1176 384 1207 bedingte
401 1175 585 1207 Aufforderung
603 1175 647 1199 das
666 1175 715 1199 Un-

208 1209 332 1241 passende
350 1209 393 1233 der
404 1209 476 1232 Walil
494 1208 715 1233 naclidrficklicher

208 1251 237 1267 zu
267 1243 366 1274 zeigen,
395 1242 513 1267 wahl-end
539 1242 583 1267 das
609 1242 715 1266 Vorher-

208 1276 322 1308 gehende
342 1276 391 1300 und
411 1276 537 1308 Folgende
551 1278 585 1305 (le
596 1295 601 1300 .
614 1295 618 1300 .
633 1277 680 1299 tibi
691 1296 697 1301 .
709 1296 714 1301 .

208 1311 304 1334 dedisli
315 1330 320 1334 .
335 1330 340 1334 .
351 1312 434 1341 poles)
447 1318 475 1333 an
489 1309 609 1334 Otacilius
619 1309 715 1341 gerich-

208 1347 244 1369 tet
271 1344 311 1368 ist.
350 1344 397 1368 Der
424 1343 542 1368 Gedanke
570 1344 602 1368 ist
630 1351 715 1375 umge-

208 1378 289 1403 stent:
310 1386 400 1401 eorum
411 1378 479 1401 nihil
491 1379 637 1408 praestilit:
652 1385 714 1408 ergo

209 1413 297 1435 creari
315 1420 368 1435 11011
386 1414 478 1442 polest.
502 1426 530 1428 —
549 1419 601 1435 non
622 1411 680 1435 dico
692 1430 696 1434 .
708 1429 714 1435 .

207 1445 262 1476 sed]
274 1445 374 1469 milder:
386 1453 437 1468 non
451 1445 536 1468 dicam
547 1463 552 1468 .
561 1464 566 1469 .
578 1445 630 1475 sed,
642 1452 714 1468 wenn

208 1486 265 1503 man
284 1486 314 1502 311
334 1478 373 1502 die
384 1478 461 1503 Stelle
478 1478 521 1502 des
535 1486 564 1502 zu
576 1479 715 1502 Erwarten-

208 1512 255 1537 den
284 1511 333 1536 und
360 1512 436 1536 na'ber
463 1511 603 1543 Liegenden
635 1514 714 1536 etwas

208 1545 346 1574 Starkeres,
366 1545 533 1570 Passenderes
546 1548 621 1573 setzt;
641 1553 661 1570 s.
673 1547 714 1575 40

207 1581 249 1609 27,
272 1581 315 1607 112
335 1579 448 1610 dagegen
468 1587 500 1602 ne
520 1579 619 1603 divam:
640 1586 713 1603 wenn

207 1621 264 1638 111311
284 1612 353 1637 nicht
366 1613 490 1637 verletzen
511 1613 648 1637 wilk—si
667 1613 715 1636 ali-

208 1647 281 1678 quid]
289 1644 372 1670 ‘wenn
385 1647 448 1670 auch
459 1654 505 1670 nur
515 1646 559 1670 das
570 1643 713 1678 geringste²;

209 1688 228 1705 s.
248 1682 288 1710 39,
311 1682 347 1711 15,
362 1681 386 1704 4.
415 1680 505 1704 Fabius
525 1680 661 1704 iibertreibt
679 1683 714 1704 et-

208 1722 273 1742 was:
292 1721 312 1738 s.
331 1715 372 1742 23,
390 1716 430 1744 41,
449 1715 515 1738 8.—
529 1722 558 1737 ea
578 1714 666 1745 eliam]
687 1721 715 1738 so

208 1748 270 1772 wird
291 1749 368 1771 eliam
388 1748 425 1771 bei
439 1747 465 1771 L.
478 1755 541 1779 ganz
555 1747 714 1779 gewdhnlicli

209 1781 388 1813 nachgestesst,
413 1789 432 1805 5.
455 1783 492 1809 15,
512 1783 534 1806 6.
559 1783 597 1811 34,
618 1784 645 1809 5;
673 1782 713 1811 21,

211 1818 232 1845 1,
252 1818 266 1840 5
286 1823 310 1839 u.
329 1822 350 1839 3.
369 1829 401 1832 -
420 1816 528 1846 quibus.
543 1815 627 1846 anat]
646 1822 667 1839 z.
688 1814 714 1839 Β.

209 1835 248 1873 die
268 1849 410 1878 Elefantem
431 1856 450 1873 s.
470 1850 510 1877 23,
529 1850 569 1877 41,
591 1850 627 1872 10.

246 1884 282 1907 16.
302 1868 592 1922 infestior]passiviseb,
611 1894 644 1903 =
662 1879 713 1906 be-

209 1913 330 1940 (11011161Ἰ
325 1916 399 1947 ,ng
420 1917 459 1947 26,
479 1918 519 1942 46,
534 1918 557 1940 1.
568 1916 714 1939 —Hamzi-

210 1950 264 1973 halt·
277 1948 376 1979 hosti]
381 1950 461 1974 einen)
474 1949 573 1981 Feinde,
592 1950 639 1973 wie
650 1949 712 1973 llan-

768 973 834 997 nibal
853 971 902 1000 iss:
921 980 940 997 s.
960 974 1000 1003 28,
1020 975 1060 1003 41,
1080 975 1102 997 3.

803 1009 840 1031 1ῖ.
869 1007 987 1038 exemplo
1013 1008 1155 1037 maiorum]
1184 1007 1274 1038 gehort

767 1047 797 1064 zu
823 1040 970 1064 dicendum.
990 1055 1021 1058 —
1045 1040 1174 1072 noslrum]
1199 1048 1218 1064 5.
1244 1049 1275 1065 zu

768 1074 782 1104 ξ
797 1076 833 1098 10.
846 1088 877 1092 -
888 1075 1059 1103 censet-emus]
1073 1074 1116 1098 der
1126 1073 1204 1098 Senat
1216 1074 1276 1098 oder

768 1107 907 1137 uberhaupt
917 1107 965 1138 die,
979 1107 1076 1131 welche
1088 1108 1160 1132 einen
1172 1107 1289 1132 soleben.

767 1141 901 1166 Beschlul's
920 1141 999 1165 sassen
1021 1141 1174 1166 1113111193-
1186 1141 1216 1165 id
1234 1143 1275 1165 in-

769 1175 879 1206 dignat-i
896 1177 992 1206 posses]
1012 1183 1032 1199 5.
1052 1183 1082 1199 zu
1106 1177 1126 1205 1,
1146 1176 1185 1205 35,
1206 1177 1229 1200 3.
1243 1189 1274 1192 —

768 1208 922 1239 cervicibus]
943 1216 961 1232 s.
981 1216 1010 1232 zu
1030 1210 1053 1237 4,
1075 1210 1113 1239 12,
1133 1210 1155 1233 6.

803 1244 840 1267 18.
864 1241 965 1266 Scliluss
990 1241 1033 1266 der
1057 1242 1138 1272 Rede,
1165 1242 1275 1267 welcher

768 1276 811 1300 aus
827 1277 867 1306 §2
887 1275 1052 1306 zuriickgeht.
1071 1289 1103 1294 ·-
1122 1277 1180 1306 ego]
1200 1283 1219 1300 s.
1236 1277 1274 1306 10,

768 1311 791 1340 8,
808 1310 844 1334 12.
855 1317 1058 1340 —magnopere
1076 1310 1184 1340 suadeo]
1203 1317 1222 1334 s.
1234 1311 1274 1340 33,

768 1344 808 1373 35,
827 1345 853 1368 5:
876 1351 1037 1374 magnopere
1061 1345 1086 1366 εἰ
1102 1345 1198 1371 suasit;
1223 1343 1274 1374 vgl.

767 1376 822 1401 Ter.
846 1376 909 1402 And.
936 1378 993 1402 662.
1018 1391 1051 1394 —
1076 1378 1137 1408 quo]
1166 1376 1274 1401 namlich

767 1410 918 1441 debgerelts
943 1412 1127 1441 ινιρεναίοιθες
1152 1410 1201 1450 vgl.
1226 1410 1274 1442 Ly-

766 1445 817 1469 sias
846 1452 869 1476 g.
894 1444 976 1468 Alkib.
999 1444 1018 1468 11
1044 1445 1120 1475 §1:2
1148 1441 1218 1474 ὑμᾶς
1245 1443 1273 1468 δὲ

761 1476 815 1510 χρὴ
842 1486 891 1507 TUI!
916 1486 1000 1507 αυΐην
1023 1486 1136 1516 γνώμην
1162 1486 1274 1517 {XOVT’slf

768 1520 815 1540 την
828 1512 926 1542 ψῆφον
940 1510 1043 1549 φέρειν,
1065 1508 1146 1551 ἥνπερ
1166 1510 1209 1535 ὅτε
1227 1509 1273 1543 (ὄε-

767 1547 816 1569 σθε
835 1544 903 1585 πρὸς
922 1543 983 1571 τοὺς
1007 1542 1150 1577 πολεμίους
1172 1544 1273 1569 διακιν-

767 1577 892 1603 δυνείνέιι.
909 1593 940 1596 -
957 1579 1105 1602 slanlibus.
1117 1580 1132 1608 .]
1152 1578 1228 1603 sehon
1248 1579 1272 1603 in

767 1612 828 1637 Reih
848 1612 897 1637 und
911 1612 980 1636 Glied
1000 1612 1056 1636 dem
1070 1612 1160 1636 Feinde
1179 1620 1273 1644 gegen-

767 1647 828 1671 iiber
851 1645 970 1674 stebend3
996 1645 1073 1669 daher
1098 1649 1212 1676 repenle.
1240 1660 1272 1664 ——

767 1681 885 1709 armatis]
904 1687 923 1703 s.
942 1680 982 1709 47,
997 1681 1039 1707 13;
1060 1686 1103 1703 zur
1121 1679 1201 1704 Sache
1219 1679 1272 1711 vgl.

766 1714 849 1745 Lange
871 1715 891 1743 1,
910 1714 967 1737 488.

803 1748 839 1772 19.
858 1749 1024 1770 sacr-amento
1040 1765 1045 1770 .
1057 1765 1062 1770 .
1079 1746 1177 1776 [licant]
1199 1743 1272 1770 ‘nach

765 1780 808 1805 der
822 1783 1008 1811 (vorgesagten)
1020 1777 1189 1804 Eidessormel’
1204 1787 1272 1811 spre-

765 1814 842 1844 cben,
869 1814 905 1838 sie
932 1813 1117 1845 naclisprechen
1142 1813 1190 1837 und
1217 1813 1271 1838 sich

765 1847 875 1872 dadurch
894 1847 983 1871 eidlich
1004 1847 1181 1886 verpssicliten,
1203 1846 1227 1871 d.
1247 1846 1271 1871 11.

761 1881 820 1906 ‘den
844 1881 984 1905 Fabneneid
1011 1877 1121 1907 lemen:
1147 1888 1166 1905 s.
1192 1888 1222 1905 zu
1248 1881 1271 1911 2,

764 1916 805 1945 24,
825 1916 848 1939 7.
860 1929 891 1932 —
908 1916 997 1945 vestr-1]
1016 1914 1065 1938 und
1084 1914 1174 1938 vorher
1192 1914 1271 1944 vobis,
1314 1938 1316 1946 Ι

765 1948 822 1973 weil
841 1956 867 1972 er
886 1948 938 1972 sich
958 1948 993 1972 als
1006 1948 1137 1979 Magistrat
1149 1947 1197 1972 den
1211 1947 1272 1972 Biir-
1314 1958 1315 1962 =
