1332 2150
200 54 256 83 190
552 56 644 81 LIBER
662 56 737 81 XXV.
774 56 843 81 CAP.
861 58 901 82 31.

1126 72 1144 85 a.
1155 72 1176 86 u.
1187 72 1204 86 c.
1216 66 1260 86 542.

166 147 180 171 8
196 151 278 171 cusas
296 141 444 180 potuisset.
475 142 542 171 inde
559 138 694 181 quaestor
710 151 776 171 cum
792 143 934 181 praesidio
949 143 983 172 ad
999 143 1116 181 [Nasum
1132 145 1168 181 et]
1185 144 1260 173 acci-

196 184 331 223 piendam
354 184 506 222 pecuniam
530 184 638 222 regiam
662 185 939 224 custodiendamque
955 185 1069 215 missus.
1099 185 1260 216 Achradina

196 226 357 264 diripienda
379 226 461 255 militi
488 226 551 255 data
575 231 617 255 est
640 226 809 256 custodibus
830 227 926 256 divisis
950 237 1001 266 per
1023 228 1124 257 domos
1149 237 1259 264 eorum,

165 273 179 296 9
196 268 245 307 qui
263 268 336 297 intra
354 268 493 306 praesidia
513 268 642 298 Romana
659 270 781 298 fuerant.
812 278 878 298 cum
895 269 984 299 multa
1001 270 1069 305 irae,
1086 270 1175 299 multa
1194 280 1258 300 ava-

195 310 278 339 ritiae
295 310 376 339 foeda
393 310 522 349 exempla
539 311 709 346 ederentur,
734 311 925 341 Archimeden
941 312 1096 341 memoriae
1113 312 1258 351 proditum

195 357 237 381 est
254 352 282 381 in
300 357 379 381 tanto
396 353 531 387 tumultu,
548 357 688 391 qnantum
702 363 794 391 pavor
810 358 908 392 captae
926 354 1005 383 urbis
1022 354 1050 383 in
1067 354 1198 383 discursu
1215 355 1258 384 di-

194 395 363 433 ripientium
386 395 509 424 militum
527 395 603 423 ciere
620 400 749 434 poterat,
772 395 917 425 intentum
934 396 1044 431 formis,
1060 405 1131 435 quas
1147 396 1176 425 in
1192 397 1258 435 pul-

153 441 179 465 10
195 446 261 466 vere
276 437 486 475 ‹lescripsexat,
502 436 556 466 ab
550 446 650 475 lgnalo
663 437 762 473 milite,
780 438 844 476 quis
858 442 941 473 esset,
959 439 1157 473 interfectum,
1173 448 1258 477 aegre

194 479 220 508 id
242 479 408 508 Marcellum
425 479 523 508 tulisse
540 480 763 518 sepultmaeque
777 489 874 509 curam
890 480 1025 515 habitam,
1042 486 1069 509 et
1084 480 1258 527 propinquis

194 521 278 550 etiam
301 521 447 559 inquisitis
470 521 574 550 honori
598 522 798 560 praesidioque
822 531 927 551 nomen
950 532 982 552 ac
1004 523 1171 552 memoiiam
1195 523 1257 552 eius

151 569 175 592 11
193 563 377 592 fuisse.11oc
393 572 525 592 maxume
546 564 632 592 modo
649 563 807 602 Syracusae
824 569 937 603 captae;
962 564 990 594 in
1013 564 1118 603 quibus
1135 565 1257 604 praedae

193 610 304 634 tantum
322 605 384 640 suit,
402 610 541 644 quantum
558 606 602 635 vix
619 611 700 645 capta
718 606 889 644 Carthagine
905 612 966 636 tum
983 607 1092 642 suisset,
1117 616 1183 636 cum
1200 616 1256 646 qua

193 647 301 677 viribus
316 648 416 686 aequis
432 647 605 677 certabatur.

151 694 176 718 12
277 689 379 719 Paucis
392 694 458 718 ante
472 689 583 724 diebus,
601 699 686 728 quam
699 690 857 728 Syracusae
869 696 1052 729 caperentur,
1069 690 1101 719 T.
1115 690 1256 720 Otacilius

193 741 258 761 cum
275 732 535 770 quinqueremibus
551 732 698 770 octoginta
716 732 826 761 Uticam
842 732 876 762 ab
894 732 1028 771 Lilybaeo
1050 733 1205 762 transmisit
1228 736 1256 762 et

152 780 176 802 13
193 783 258 803 cum
271 779 338 803 ante
351 774 445 803 lucem
463 779 578 812 portum
596 775 738 810 intrasset,
756 774 900 804 onerarias
917 775 1062 804 frumento
1076 779 1194 804 onustas
1207 784 1255 804 ce-

193 817 232 854 pit
254 825 445 854 egressusque
462 817 491 844 in
510 822 613 845 terram
631 816 823 855 depopulatus
845 821 888 845 est
909 816 1086 855 aliquantum
1103 817 1162 854 agri
1179 817 1255 846 circa

148 864 174 887 14
191 858 301 888 Uticam
316 859 509 897 praedamque
522 860 616 888 omnis
630 859 745 896 generis
757 863 835 887 retro
849 859 883 888 ad
897 859 975 888 navis
988 859 1055 897 egit.
1087 858 1254 897 Lilybaeum

191 901 274 929 tertio
288 901 342 934 die,
356 910 440 939 quam
454 901 521 930 inde
534 902 683 939 profectus
696 906 765 935 erat,
779 910 845 930 cum
858 905 975 930 centum
988 901 1103 939 triginta
1113 901 1254 945 onerariis

224 968 244 991 S.
267 966 335 997 inde]
355 966 467 997 sogleich
487 966 549 991 nach
563 966 606 991 der
619 966 695 992 Rede.
785 969 821 992 ll.
841 966 904 999 lum]
922 964 1044 996 ‘damals‘,
1062 967 1095 991 im
1114 966 1252 999 Gegensatz

190 1015 222 1018 -
235 1000 347 1032 Nasum]
368 1001 398 1024 ist
417 1000 527 1024 sachlich
542 1000 694 1032 unmoglich,

190 1034 220 1059 ‹la
248 1036 292 1065 24,
312 1035 356 1064 23,
375 1035 390 1058 4
418 1034 538 1058 berichtet
565 1034 611 1064 ist,
638 1033 694 1059 dass

190 1068 233 1092 der
249 1067 339 1092 Schatz
359 1075 408 1092 von
427 1067 470 1091 der
487 1067 549 1092 lnsel
569 1067 632 1091 nach
651 1067 694 1092 der

189 1101 330 1126 Achradina
344 1101 569 1132 hinabergebracht
582 1101 625 1129 ist;
642 1101 693 1133 vgl.

190 1135 255 1160 Plut.
270 1134 344 1159 Marc.
359 1136 396 1159 19.
426 1134 473 1159 Der
492 1138 616 1165 quaesto]-
635 1142 693 1159 cum

188 1168 321 1199 praesidio
333 1186 340 1193 .
353 1188 358 1193 .
369 1170 461 1192 missus
480 1168 527 1192 soll
543 1169 567 1192 in
581 1168 637 1192 dem
651 1176 694 1192 zui·

189 1202 350 1233 Pliinderung
387 1201 546 1226 bestimmten
577 1202 693 1226 Stadtteil

189 1236 261 1261 einen
276 1236 409 1267 wichtigen
424 1235 507 1260 Pnnkt
526 1236 549 1260 in
565 1236 633 1260 seine
652 1235 694 1260 be-

188 1269 294 1295 sondere
313 1269 397 1293 Obhut
416 1269 530 1294 nehmen.
551 1284 583 1287 —-
607 1272 693 1294 caslo-

188 1304 263 1327 (libus
283 1303 383 1333 divisis]
403 1303 452 1335 vgl.
477 1305 514 1334 10,
537 1305 573 1328 10.

222 1339 244 1362 9.
265 1336 396 1369 ωόηιρία]
415 1344 434 1361 s.
451 1338 491 1367 35,
503 1338 543 1366 43,
557 1339 584 1364 5:
605 1338 693 1361 οηιηία

188 1371 307 1402 ε.ιτειη]ιΙιι
327 1371 387 1394 belli
409 1370 488 1395 edita.
508 1385 538 1388 φ
558 1371 693 1395 Archime-

187 1405 246 1435 den]
266 1413 286 1429 s.
298 1406 338 1434 24,
349 1406 389 1434 31,
401 1406 422 1429 2.
446 1418 473 1421 ——
492 1412 577 1436 pano]-
589 1424 593 1429 .
606 1406 621 1434 .]
641 1404 692 1436 vgl.

189 1440 226 1467 10,
243 1440 266 1467 l;
290 1440 309 1467 1,
322 1439 361 1468 29,
373 1439 400 1462 2:
419 1445 511 1469 pavor,
532 1439 619 1469 qualis
633 1446 692 1470 cap-

187 1475 274 1496 larum
294 1480 347 1496 esse
365 1472 469 1495 urbium
488 1472 566 1504 solel3
587 1473 610 1502 3,
627 1473 649 1501 3,
663 1474 691 1496 ⁴:

186 1514 279 1529 cut-sus
299 1506 448 1536 clamorque
458 1524 463 1529 .
474 1525 479 1530 .
492 1506 564 1529 haud
581 1506 692 1529 mullum

186 1548 200 1563 a
218 1547 318 1571 pavore
337 1542 430 1568 cuplae
448 1539 520 1562 urbis
534 1540 631 1567 abesse:
652 1540 692 1569 23,

186 1575 225 1602 30,
246 1575 273 1601 7;
302 1574 341 1603 24,
361 1574 400 1602 30,
420 1574 448 1601 7;
477 1574 516 1603 29,
537 1574 577 1603 28,
596 1575 624 1601 4;
649 1575 690 1603 41,

189 1608 251 1638 11‚6
271 1614 325 1631 [ιθ.
345 1621 377 1623 -
397 1607 526 1630 incentum
544 1606 649 1638 formis]
670 1614 690 1631 s.

185 1649 215 1665 zu
235 1642 257 1670 2,
272 1642 299 1668 3;
319 1648 362 1664 zur
375 1639 454 1664 Sache
474 1640 524 1671 vgl.
539 1640 588 1664 Cic.
604 1640 634 1664 de
647 1640 690 1664 fin.

185 1677 207 1703 5,
227 1676 270 1702 50;
292 1673 345 1699 Val.
365 1673 428 1698 Max.
450 1675 473 1704 S,
486 1675 509 1703 7,
529 1676 576 1698 ext.
592 1676 619 1702 ῖς
646 1674 689 1699 Sil.

185 1708 213 1732 lt.
230 1710 266 1738 1-1,
279 1709 341 1739 676ς
361 1707 427 1731 Plut.
438 1707 511 1731 Marc.
527 1709 564 1732 19.
581 1721 613 1724 —
632 1710 689 1738 quis

185 1743 256 1772 esset]
278 1749 298 1765 s.
318 1742 341 1771 2,
357 1742 394 1769 12,
413 1743 442 1766 7:
463 1744 616 1765 ue..senzel
635 1743 690 1773 ipse

185 1778 311 1807 aperiret,
330 1776 387 1806 quis
407 1778 478 1799 esset.

222 1811 258 1834 10.
283 1809 435 1840 sepulum-ae
454 1816 544 1832 curam
564 1809 689 1838 habitam]

184 1850 203 1867 s.
218 1842 267 1867 Cic.
282 1842 355 1867 Tusc.
372 1844 395 1871 5,
408 1844 451 1870 64;
472 1842 495 1867 in
512 1842 579 1867 Verr.
593 1844 616 1871 4,
631 1843 688 1871 131;

185 1876 234 1908 vgl.
254 1876 306 1901 Liv.
328 1877 367 1904 22,
387 1878 409 1907 Τ,
429 1878 452 1901 5.

747 1008 777 1025 zu
796 1001 864 1025 einer
882 1000 989 1025 anderen
1002 1000 1064 1031 Zeit,
1083 1000 1114 1024 da
1128 1000 1252 1032 Karthago

746 1034 815 1058 nicht
833 1042 860 1058 so
879 1034 945 1058 reich
965 1041 1028 1062 war;
1048 1034 1098 1065 vgl.
1123 1036 1142 1064 l,
1162 1036 1200 1064 55,
1219 1035 1249 1058 9:

746 1076 779 1091 ew
798 1070 876 1091 unius
890 1071 944 1091 tum
961 1068 1046 1095 urbi-53
1066 1067 1109 1092 der
1118 1067 1250 1092 Ausdruck
1269 1071 1274 1076 '

746 1102 777 1126 ist
802 1101 854 1126 also
879 1109 910 1125 zu
936 1101 1046 1126 erklaren
1066 1101 1103 1125 als
1122 1104 1251 1133 quantum

746 1137 800 1166 viat,
819 1137 843 1158 .ςὶ
862 1138 915 1159 lum
935 1138 1011 1166 capta
1024 1134 1131 1165 Cesset,
1149 1135 1249 1164 fuisset.

745 1183 778 1186 —
797 1176 855 1193 cum
870 1177 920 1200 qua
931 1187 937 1192 .
950 1187 955 1192 .
967 1169 1127 1198 cerlabatur]
1146 1168 1179 1193 ist
1198 1169 1252 1193 hin-

745 1202 873 1234 zngeliigt,
893 1210 933 1226 um
953 1202 992 1226 die
1011 1202 1097 1226 Grarse
1116 1201 1159 1226 der
1172 1202 1251 1227 Beute

745 1243 775 1260 zu
800 1235 1052 1265 veransclmulichen,
1077 1235 1108 1259 da
1132 1235 1201 1260 diese
1224 1236 1249 1260 in

747 1269 814 1294 einer
835 1269 896 1293 Rom
915 1276 945 1294 an
964 1269 1048 1294 Macht
1067 1269 1250 1301 gleichstehen-

745 1303 793 1328 den
812 1303 884 1327 Stadt
907 1308 969 1332 (was
994 1303 1032 1327 bei
1051 1302 1162 1335 Syrakus
1181 1302 1250 1328 nicht

745 1337 789 1361 der
808 1337 859 1361 Fall
879 1338 939 1367 wai)
962 1336 1018 1361 sehr
1038 1336 1178 1362 bedeutend
1197 1336 1248 1361 sein

745 1370 850 1399 musste;
865 1371 915 1408 v.gl
927 1370 990 1394 Plut.
1002 1370 1077 1395 Ma1c.
1092 1372 1132 1395 19;
1146 1370 1250 1410 λέγεται

762 1401 824 1429 ,οὐκ
837 1402 966 1429 ἐλάττονα
979 1412 1075 1428 τουτον
1089 1403 1103 1434 ἢ
1116 1403 1163 1428 τὸν
1177 1401 1249 1429 ύστε-

746 1447 794 1470 ρον
822 1435 874 1462 ἀπὸ
904 1436 1080 1476 Καρχηδόνος
1114 1437 1247 1472 διαφορη-

745 1471 827 1496 θεντα
847 1471 913 1495 πλοι
909 1480 963 1495 τον
980 1470 1118 1503 γενέσθαι.

777 1517 825 1545 31.
856 1519 921 1542 1)-
927 1519 963 1542 15.
999 1517 1122 1549 Streifzug
1150 1524 1180 1542 an
1205 1517 1247 1542 der

745 1546 928 1576 afrikanischen
949 1550 1032 1575 Knste.

780 1599 817 1622 12.
836 1597 970 1627 Otacilius]
990 1604 1011 1621 s.
1023 1598 1045 1627 3,
1056 1598 1121 1622 G.—
1137 1596 1244 1628 Uticam]

743 1631 949 1656 wahrscheiulich
978 1630 1094 1654 wahrend
1123 1630 1246 1655 Bomilkar

743 1665 786 1689 mit
811 1665 854 1689 der
878 1665 958 1689 Flotte
983 1671 1027 1688 vor
1050 1663 1162 1696 Syralms
1187 1663 1246 1688 oder

742 1698 834 1723 Tarent
848 1705 906 1723 war.
920 1712 948 1715 —
964 1699 1120 1728 lransmt'sz'l]
1139 1697 1245 1728 absolut,

743 1732 790 1757 wie
809 1734 848 1762 21,
870 1734 906 1761 17,
927 1733 952 1759 ὃς
973 1732 1013 1762 22,
1033 1732 1073 1761 20,
1088 1733 1100 1755 7
1122 1739 1144 1756 n.
1159 1739 1194 1763 a.;
1214 1731 1245 1756 ist

742 1765 785 1790 der
804 1765 977 1797 gewohnliche
996 1764 1127 1789 Ausdruck
1147 1765 1184 1789 fiir
1201 1764 1244 1789 das

742 1800 893 1824 Ubersetzen
913 1799 973 1823 tiber
992 1798 1035 1823 das
1055 1798 1128 1824 Meer.

779 1843 815 1866 14.
836 1842 912 1865 terlio
924 1841 973 1871 (lie,
992 1848 1070 1872 quam
1082 1860 1087 1866 .
1099 1842 1115 1870 .]
1135 1849 1155 1865 s.
1170 1841 1205 1871 19,
1219 1842 1240 1869 15

741 1883 771 1899 zu
791 1876 813 1906 3,
834 1876 857 1905 S,
876 1876 898 1900 2.
