1332 2150
68 103 88 117 ι.
100 97 148 117 Chr·
159 101 181 115 n.
191 95 236 115 2¹¹2.

425 85 517 111 LIBER
536 84 612 110 xxV.
648 83 719 109 CAP.
741 85 782 110 38.

1073 81 1132 110 207

65 176 223 206 momento,
235 172 319 201 cuius
331 171 524 211 praetervolat
536 170 751 210 opportunitas,
769 175 924 199 cunctatus
938 169 1056 209 paulum
1070 170 1132 199 sne-

65 215 114 251 ris,
132 215 308 254 nequiquam
325 224 391 244 mox
409 214 544 243 omissam
561 222 690 253 quaeras.
722 222 798 242 unus
811 213 955 242 exercitus
968 212 997 242 in
1012 212 1134 252 propin·
1152 216 1181 241 19

65 266 124 297 quo
141 261 192 292 est,
208 258 265 286 dno
282 257 356 286 haud
374 256 475 296 procul
499 256 620 286 absunt:
643 264 722 284 nunc
746 254 983 292 adgredientibus
999 264 1066 294 spes
1081 255 1133 284 ali-

65 308 120 340 qua
144 304 202 334 est,
226 304 254 328 et
277 299 331 329 iam
355 299 515 338 temptastis
535 303 643 328 vestras
665 302 751 336 atque
768 297 884 326 illorum
901 297 992 333 vires,·
1016 297 1039 326 si
1056 297 1133 327 diem
1147 301 1177 326 20

65 342 242 382 proferimus
269 347 295 371 et
322 342 474 371 hesternae
497 340 660 380 eruptionis
682 340 755 369 fama
780 340 927 369 contemni
951 340 1133 376 desierimus,

65 384 229 424 pericnlum
246 389 302 419 est,
319 394 355 413 ne
375 393 476 413 onmes
500 384 603 418 duces,
625 391 727 412 omnes
743 382 845 421 copiae
862 382 1045 411 conveniam.
1077 388 1136 412 tres

65 426 170 456 deinde
186 427 284 462 duces,
301 431 358 455 tres
371 426 515 455 exercitus
531 425 740 455 sustinebimus
751 425 879 454 hostium
890 447 897 459 ,
915 433 989 463 quos
1001 424 1052 454 Cn.
1071 425 1134 454 Sci-

67 469 115 508 pio
132 469 270 498 incolumi
288 469 413 498 exercitu
432 477 490 498 non
508 466 667 498 sustinuit?
690 472 719 496 ut
735 467 888 496 dividendo
906 467 1005 506 copias
1022 467 1134 506 periere
1150 471 1177 496 21

66 511 154 540 duces
171 511 277 544 nostri,
295 511 331 540 ita
347 511 500 549 separatim
517 520 550 540 ac
566 510 647 539 divisi
664 510 791 549 opprimi
810 514 935 548 possunt
948 510 1056 539 hostes.
1080 509 1133 538 alia

66 553 131 582 belii
148 553 266 592 gerendi
284 553 325 582 via
343 553 420 582 nulla
435 558 486 582 est.
518 553 640 592 proinde
658 552 729 582 nihil
746 557 861 591 praeter
878 552 972 581 noctis
987 551 1136 591 proximae

65 595 312 635 opportunitatem
336 600 530 635 expectemus.
569 595 607 625 ite
629 595 690 624 deis
712 595 786 624 bene
804 594 984 629 iuvantibus,
1012 603 1136 633 corpora
1151 598 1181 622 22

65 642 179 672 curate,
203 642 236 667 ut
258 638 361 676 integri
385 638 575 676 vigentesque
596 638 697 667 eodem
721 637 819 666 animo
842 638 872 666 in
896 641 988 666 castra
1008 637 1136 666 hostium

65 680 248 719 inrumpatis,
265 689 323 719 qno
339 685 431 709 vestra
449 680 533 709 tutati
552 677 640 709 estis'.

150 722 228 752 Laeti
251 727 279 751 et
299 722 415 752 audiere
437 722 472 752 ab
495 732 569 752 novo
592 723 666 752 duce
689 731 796 751 novum
824 721 998 756 consilium,
1028 726 1055 750 et
1078 731 1135 760 quo
1151 725 1182 750 23

65 797 181 830 gebenen
189 796 378 822 Verhfiltnissen
386 796 575 829 zugleich,da['s

64 831 108 856 der
127 831 246 862 giinstige
259 830 402 863 Zeitpunkt.
422 831 485 855 auch
501 838 574 855 wenn

65 872 92 890 es
108 864 176 889 kuhn
193 864 242 889 und
260 865 400 897 gesahrvon
413 865 454 895 ist,
472 865 576 890 benutzt

65 898 140 926 wird;
161 900 211 930 vgl.
222 900 246 929 2,
258 900 299 927 51.
310 900 337 927 7;
357 906 409 923 wer
422 898 507 923 diesen
521 899 575 923 also

65 932 242 961 voriiberlz‘isst,
262 932 295 957 ist
311 933 404 957 ebenso
417 933 500 964 wenig
519 933 575 961 [ον-

66 969 98 991 tis
117 966 153 991 als
173 969 296 991 tutus.—
316 966 431 999 occasio]
451 966 491 991 die
503 966 575 998 Niog-

66 1000 170 1025 lichkeit
183 1003 262 1024 etwas
275 1000 455 1029 auszufiihrem
476 1008 575 1031 oppor-

66 1036 180 1059 tunitas:
214 1034 258 1059 der
283 1034 434 1066 Zeitpunkt,
465 1034 575 1059 welcher

65 1067 224 1100 gliickiichen
252 1068 337 1099 Erfolg
365 1067 520 1100 verspricht;
554 1075 574 1092 s.

66 1103 107 1131 24,
122 1103 145 1130 3,
164 1103 206 1127 17:
227 1104 364 1126 occasione
383 1106 430 1126 aut
449 1105 575 1134 opportu-

67 1138 165 1163 nitate:
184 1135 235 1168 vgl.
255 1137 296 1165 21,
309 1137 349 1166 35,
363 1137 386 1161 2.
406 1150 438 1154 ——
456 1139 574 1167 praeter-

68 1168 148 1202 volat]
167 1177 186 1194 s.
206 1170 258 1194 Cat.
274 1169 336 1194 Dist.
355 1170 433 1195 2.11:
453 1178 507 1193 rem
528 1171 576 1193 tibi

69 1211 147 1235 quam
155 1211 244 1227 nosces
255 1207 352 1234 aptam.
363 1204 495 1228 dimittere
504 1204 575 1228 uoti:

68 1237 156 1266 fronte
170 1237 297 1268 capillata
310 1241 356 1268 est,
373 1241 434 1269 post
450 1240 487 1262 est
500 1246 575 1262 occa-

68 1272 107 1295 sio
127 1270 210 1295 calva.
229 1285 261 1288 —
280 1270 484 1304 ⁷1equiquam..]
504 1279 522 1296 s.
535 1272 575 1302 2S,

69 1307 98 1332 9:
125 1305 165 1335 31,
188 1306 225 1335 15,
244 1306 272 1329 4:
297 1307 455 1337 nequiquam
473 1309 574 1337 postea,

68 1340 92 1362 si
110 1342 164 1362 tum
183 1342 338 1368 cessassent,
361 1341 575 1370 praetermissam

69 1374 232 1396 occasionem
258 1375 438 1404 quaesituros;
463 1373 514 1405 vgl.
533 1375 574 1404 44,

69 1408 92 1438 S,
112 1408 140 1431 3:
160 1408 274 1430 emisisse
292 1406 324 1430 de
342 1408 462 1431 manibus
473 1425 479 1431 .
490 1426 496 1432 .

107 1441 212 1465 19—22.
240 1440 408 1472 Anwendung
431 1440 473 1465 der
497 1440 574 1473 allge-

69 1474 167 1499 meinen
178 1474 309 1498 Wahrheit
323 1474 366 1499 aus
377 1474 424 1499 den
435 1475 574 1507 vorliegen-

68 1507 116 1532 den
137 1507 197 1532 Fan.

106 1543 144 1567 19.
162 1540 243 1574 nunc]
259 1539 332 1572 ‘jetzt
352 1539 434 1572 noch'‚
452 1542 477 1566 in
492 1541 575 1574 Bezug

69 1575 112 1600 auf
124 1577 319 1607 opportunitas.
330 1590 362 1593 —
379 1579 403 1600 et
422 1578 475 1599 iam
486 1595 492 1601 .
503 1577 519 1606 .]
538 1576 576 1601 ihr

70 1608 149 1634 kfinnt
173 1617 214 1634 um
240 1617 268 1634 so
293 1610 402 1634 sicherer
425 1609 468 1634 auf
491 1609 576 1642 Erfolg

71 1643 187 1673 rechnen,
205 1644 235 1668 da
255 1643 327 1668 ihr..

105 1677 144 1702 20.
162 1679 184 1701 si
201 1678 268 1701 diem
287 1678 450 1709 profer-imus
466 1681 491 1701 et
502 1678 576 1702 ..de-

72 1711 201 1743 sier-imus]
223 1719 295 1736 wenn
310 1711 355 1735 wir
369 1712 434 1741 jetzt
452 1711 576 1736 aussehie-

74 1744 120 1768 ben
145 1745 193 1769 und
214 1745 294 1775 dann,
318 1753 371 1770 was
390 1745 471 1770 sicher
490 1754 520 1770 zu
540 1754 576 1770 er-

74 1781 166 1803 warten
185 1779 217 1804 ist
233 1780 262 1811 (s.
275 1782 289 1808 ξ
304 1781 353 1809 17),
373 1779 442 1804 nicht
461 1779 544 1804 mehr.
556 1790 576 1808 ,ς

74 1811 124 1844 vgl.
149 1814 189 1843 40,
207 1815 248 1841 40,
266 1815 293 1838 4:
322 1814 415 1845 ecquid
431 1832 436 1837 .
454 1832 459 1838 .
477 1815 531 1837 est?
550 1832 555 1837 .
570 1832 576 1838 .

75 1847 162 1869 actum
184 1849 251 1871 erit?
277 1851 347 1872 sonst
371 1847 433 1872 wird
452 1847 507 1872 Fut.
527 1848 577 1872 und

74 1879 128 1903 Fut.
141 1884 219 1904 exact.
230 1881 372 1906 verbunden
383 1886 412 1910 (s.
423 1889 452 1905 zu
466 1883 489 1909 6,
499 1883 540 1911 «11,
552 1885 576 1909 5)

74 1912 135 1937 oder
154 1913 235 1939 Praes.
255 1915 303 1939 und
322 1915 391 1943 Fut.;
410 1923 429 1940 s,
445 1916 575 1945 23,13,5:

626 798 650 820 si
660 815 666 821 .
679 814 685 820 .
697 796 830 823 consulet,
860 798 884 819 si
895 816 900 821 .
909 814 916 820 .
925 796 1047 825 1·es'ertz‘s;
1078 796 1139 821 iiber

627 830 759 861 proferre,
770 827 949 855 ‘verstreichen
964 827 1065 859 lassen’,
1083 838 1103 855 s.
1114 832 1138 862 4,

628 866 668 894 58,
684 866 724 889 14:
745 864 885 896 profertur·
904 867 1019 896 tempus;
1040 866 1080 894 22,
1097 865 1138 895 33,

628 900 652 923 5.
664 912 698 915 —
715 897 800 928 fama]
820 905 895 923 wenn
910 898 957 922 wir
974 894 1078 930 ‘infulge
1092 898 1136 923 des

628 929 710 957 Ruses'
727 932 794 956 nicht
808 932 879 956 mehr
892 932 1022 957 verachtet
1036 931 1138 957 werden

629 967 772 995 (contemni
795 966 819 991 in
840 965 978 991 Riicksicht
996 966 1041 990 auf
1057 965 1073 998 §
1095 968 1137 991 14:

628 1000 779 1030 neglemris
790 1019 796 1024 .
807 1002 834 1030 .)‚
848 999 898 1024 und
913 1000 952 1024 die
963 999 1054 1024 Feinde
1068 1000 1138 1024 mehr

628 1034 671 1058 aus
693 1033 758 1058 ihrer
777 1033 826 1058 Hut
850 1033 913 1058 sind.
932 1048 965 1052 —
989 1034 1138 1065 periculum

628 1072 673 1098 est,
692 1069 733 1097 ne]
755 1067 801 1091 mit
820 1067 983 1092 futurischem
1000 1067 1070 1097 Sinn,
1090 1068 1138 1093 wie

628 1103 667 1131 29,
687 1103 727 1129 2-1,
745 1103 761 1126 4
781 1109 804 1126 u.
816 1109 881 1125 a.—
900 1102 1095 1133 sustinebimus]
1115 1109 1136 1127 s.

628 1137 668 1166 29,
687 1137 713 1165 2;
733 1135 888 1167 ungeachtet
907 1135 951 1160 des
967 1135 1138 1167 Gegensatzes

627 1169 661 1194 ist
683 1177 731 1193 nos
750 1169 820 1194 nicht
844 1169 1031 1201 hinzugesetzt;
1057 1178 1076 1194 s.
1097 1171 1138 1199 32,

628 1204 669 1233 21,
691 1205 733 1228 15:
752 1203 870 1228 Achaei.
883 1223 887 1228 .
898 1204 1093 1235 sustinebimus,
1112 1222 1118 1228 .
1133 1223 1138 1228 .

628 1245 673 1261 vos
701 1236 857 1261 Macedones
885 1245 938 1261 non
965 1239 1138 1262 sustinuistis.

628 1285 660 1289 —
681 1270 726 1295 Cn.
746 1271 845 1302 Scipio]
871 1271 929 1296 weil
955 1271 1037 1296 dieser
1061 1271 1137 1296 allein

627 1313 677 1330 von
703 1305 768 1329 allen
787 1304 839 1329 drei
858 1305 954 1330 Heeren
981 1305 1137 1338 angegrifl'en

627 1338 729 1364 worden
751 1346 809 1364 war.

662 1374 701 1398 21.
713 1374 858 1405 separatim
869 1381 899 1397 ac
911 1373 998 1404 divisi]
1008 1370 1137 1398 ‘riiumlich

627 1407 765 1439 gesondert
779 1407 829 1431 und
847 1407 871 1431 in
887 1407 998 1432 mehrere
1011 1406 1080 1432 Tene
1095 1415 1139 1439 ge-

627 1437 728 1466 trennt‘.
739 1455 771 1458 —
785 1441 841 1465 alia
860 1441 922 1465 belli
931 1461 936 1466 .
949 1442 963 1473 .]
984 1441 1035 1473 vgl.
1047 1442 1087 1471 22,
1098 1442 1138 1472 39,

627 1476 656 1500 9:
683 1483 738 1499 una
758 1477 828 1499 ratio
850 1475 943 1501 belli..
959 1476 1072 1507 gerendi
1091 1478 1137 1500 est.

626 1523 660 1527 —
676 1509 799 1541 proinde]
819 1508 921 1534 Schluss
941 1509 991 1534 und
1005 1509 1137 1534 Austorde-

626 1551 690 1575 rung
709 1544 739 1574 (s.
755 1544 777 1573 3,
789 1545 830 1573 57,
841 1546 880 1573 5);
891 1543 1056 1568 =demnach
1074 1543 1137 1568 larst

627 1584 674 1602 uns
685 1597 690 1602 .
703 1596 707 1601 .
718 1580 850 1602 erwarten.

661 1612 702 1636 22.
729 1613 798 1636 ite..
815 1612 916 1642 eui-ale]
946 1611 1137 1643 gewohnliches

628 1645 789 1678 Asyndeton;
809 1653 830 1670 s.
843 1653 872 1670 zu
885 1646 907 1674 1,
919 1646 959 1676 26,
974 1647 1011 1670 11.
1031 1660 1062 1662 -
1083 1645 1138 1669 deis

629 1680 691 1703 bene
709 1680 871 1709 iuuantibus]
892 1678 1014 1704 stehende
1028 1679 1139 1708 Formel;

628 1720 647 1737 s.
663 1720 692 1737 zu
709 1714 749 1740 21,
761 1715 842 1742 21,6;
862 1714 912 1744 vgl.
924 1714 964 1743 29,
976 1714 1016 1740 27,
1027 1714 1055 1741 2;
1075 1712 1138 1737 Geli.

630 1747 669 1776 ts,
690 1748 727 1775 10.
745 1748 768 1771 7.
788 1761 820 1765 --
841 1749 939 1778 integi-i
960 1747 1135 1778 vigentesque]

628 1777 778 1812 ‘korperlich
799 1780 867 1806 stark
888 1780 937 1805 und
957 1777 1064 1812 kreftigk
1084 1780 1137 1812 vgl.

664 1849 704 1873 23.
724 1848 796 1879 laeti]
817 1857 835 1874 S.
853 1851 875 1879 4,
894 1850 956 1879 1,4;
975 1849 1027 1880 vgl.
1045 1856 1077 1872 zu
1097 1849 1137 1879 28,

630 1884 653 1907 6.
672 1896 703 1899 -
723 1882 832 1907 audiere
851 1884 882 1906 alt
894 1902 898 1907 .
910 1882 926 1914 .]
947 1890 966 1907 s.
987 1883 1028 1912 24,
1046 1883 1087 1913 22,
1107 1884 1135 1910 2:

629 1917 673 1946 44,
694 1918 716 1946 7,
737 1918 775 1941 10.
815 1916 865 1941 Vor
893 1916 936 1941 der
961 1916 1067 1948 Endung
1094 1925 1137 1940 ere
