<?xml version="1.0" encoding="UTF-8"?>
<!DOCTYPE html PUBLIC "-//W3C//DTD XHTML 1.0 Transitional//EN"
    "http://www.w3.org/TR/xhtml1/DTD/xhtml1-transitional.dtd">
<html xmlns="http://www.w3.org/1999/xhtml" xml:lang="en" lang="en">
 <head>
  <title>
</title>
<meta http-equiv="Content-Type" content="text/html;charset=utf-8" />
  <meta name='ocr-system' content='tesseract 3.04.00' />
  <meta name='ocr-capabilities' content='ocr_page ocr_carea ocr_par ocr_line ocrx_word'/>
</head>
<body>
  <div class='ocr_page' id='page_1' title='image "./aburbeconditalib05livyuoft_0176.png"; bbox 0 0 1332 2150; ppageno 0'>
   <div class='ocr_carea' id='block_1_1' title="bbox 203 79 262 109">
    <p class='ocr_par' dir='ltr' id='par_1_1' title="bbox 203 79 262 109">
     <span class='ocr_line' id='line_1_1' title="bbox 203 79 262 109; baseline 0 -1"><span class='ocrx_word' id='word_1_1' title='bbox 203 79 262 109; x_wconf 79' lang='lat' dir='ltr'>16ss</span> 
     </span>
    </p>
   </div>
   <div class='ocr_carea' id='block_1_2' title="bbox 525 80 934 106">
    <p class='ocr_par' dir='ltr' id='par_1_2' title="bbox 525 80 934 106">
     <span class='ocr_line' id='line_1_2' title="bbox 525 80 934 106; baseline 0 0"><span class='ocrx_word' id='word_1_2' title='bbox 525 81 615 106; x_wconf 82' lang='lat' dir='ltr'>LIBER</span> <span class='ocrx_word' id='word_1_3' title='bbox 634 81 709 106; x_wconf 84' lang='lat' dir='ltr'>XXV.</span> <span class='ocrx_word' id='word_1_4' title='bbox 745 80 815 106; x_wconf 82' lang='lat' dir='ltr'>CAP.</span> <span class='ocrx_word' id='word_1_5' title='bbox 834 82 873 106; x_wconf 82' lang='lat'>20.</span> <span class='ocrx_word' id='word_1_6' title='bbox 894 82 934 106; x_wconf 83' lang='lat'>21.</span> 
     </span>
    </p>
   </div>
   <div class='ocr_carea' id='block_1_3' title="bbox 1127 87 1256 108">
    <p class='ocr_par' dir='ltr' id='par_1_3' title="bbox 1127 87 1256 108">
     <span class='ocr_line' id='line_1_3' title="bbox 1127 87 1256 108; baseline 0 -1"><span class='ocrx_word' id='word_1_7' title='bbox 1127 95 1144 108; x_wconf 81' lang='lat' dir='ltr'>a.</span> <span class='ocrx_word' id='word_1_8' title='bbox 1155 94 1175 107; x_wconf 88' lang='lat' dir='ltr'>u.</span> <span class='ocrx_word' id='word_1_9' title='bbox 1185 93 1201 108; x_wconf 90' lang='lat' dir='ltr'>c.</span> <span class='ocrx_word' id='word_1_10' title='bbox 1213 87 1256 108; x_wconf 76' lang='lat'>542.</span> 
     </span>
    </p>
   </div>
   <div class='ocr_carea' id='block_1_4' title="bbox 147 165 1262 1092">
    <p class='ocr_par' dir='ltr' id='par_1_4' title="bbox 170 165 1259 333">
     <span class='ocr_line' id='line_1_4' title="bbox 170 165 1258 205; baseline -0.002 -9"><span class='ocrx_word' id='word_1_11' title='bbox 170 172 184 196; x_wconf 88' lang='grc'>6</span> <span class='ocrx_word' id='word_1_12' title='bbox 200 168 344 197; x_wconf 87' lang='lat' dir='ltr'>casionem</span> <span class='ocrx_word' id='word_1_13' title='bbox 362 167 537 196; x_wconf 82' lang='lat' dir='ltr'>imminebat.</span> <span class='ocrx_word' id='word_1_14' title='bbox 569 167 620 196; x_wconf 92' lang='lat' dir='ltr'>Cn.</span> <span class='ocrx_word' id='word_1_15' title='bbox 637 166 769 196; x_wconf 90' lang='lat' dir='ltr'>Fulvium</span> <span class='ocrx_word' id='word_1_16' title='bbox 787 170 947 205; x_wconf 82' lang='lat' dir='ltr'>praetorem</span> <span class='ocrx_word' id='word_1_17' title='bbox 965 165 1050 204; x_wconf 84' lang='lat' dir='ltr'>Apuli</span> <span class='ocrx_word' id='word_1_18' title='bbox 1074 165 1159 203; x_wconf 84' lang='lat' dir='ltr'>legati</span> <span class='ocrx_word' id='word_1_19' title='bbox 1183 174 1258 194; x_wconf 91' lang='lat' dir='ltr'>nun-</span> 
     </span>
     <span class='ocr_line' id='line_1_5' title="bbox 201 207 1259 248; baseline -0.003 -9"><span class='ocrx_word' id='word_1_20' title='bbox 201 210 308 239; x_wconf 90' lang='lat' dir='ltr'>tiabant</span> <span class='ocrx_word' id='word_1_21' title='bbox 325 210 429 248; x_wconf 83' lang='lat' dir='ltr'>primo,</span> <span class='ocrx_word' id='word_1_22' title='bbox 445 210 513 239; x_wconf 89' lang='lat' dir='ltr'>dum</span> <span class='ocrx_word' id='word_1_23' title='bbox 529 209 616 238; x_wconf 89' lang='lat' dir='ltr'>urbes</span> <span class='ocrx_word' id='word_1_24' title='bbox 632 209 769 248; x_wconf 86' lang='lat' dir='ltr'>quasdam</span> <span class='ocrx_word' id='word_1_25' title='bbox 785 208 956 247; x_wconf 78' lang='lat' dir='ltr'>Apulorum,</span> <span class='ocrx_word' id='word_1_26' title='bbox 974 217 1046 246; x_wconf 87' lang='lat' dir='ltr'>quae</span> <span class='ocrx_word' id='word_1_27' title='bbox 1061 207 1094 237; x_wconf 89' lang='lat' dir='ltr'>ad</span> <span class='ocrx_word' id='word_1_28' title='bbox 1113 207 1259 236; x_wconf 90' lang='lat' dir='ltr'>Hanniba-</span> 
     </span>
     <span class='ocr_line' id='line_1_6' title="bbox 200 249 1258 290; baseline -0.003 -9"><span class='ocrx_word' id='word_1_29' title='bbox 200 252 254 281; x_wconf 91' lang='lat' dir='ltr'>lem</span> <span class='ocrx_word' id='word_1_30' title='bbox 274 252 469 287; x_wconf 86' lang='lat' dir='ltr'>descivissent,</span> <span class='ocrx_word' id='word_1_31' title='bbox 489 256 681 290; x_wconf 74' lang='lat' dir='ltr'>oppugnaret,</span> <span class='ocrx_word' id='word_1_32' title='bbox 702 250 844 280; x_wconf 72' lang='lat' dir='ltr'>intentius</span> <span class='ocrx_word' id='word_1_33' title='bbox 855 260 917 279; x_wconf 89' lang='lat' dir='ltr'>rem</span> <span class='ocrx_word' id='word_1_34' title='bbox 929 250 1035 288; x_wconf 86' lang='lat' dir='ltr'>egisse;</span> <span class='ocrx_word' id='word_1_35' title='bbox 1056 253 1154 288; x_wconf 85' lang='lat' dir='ltr'>postea</span> <span class='ocrx_word' id='word_1_36' title='bbox 1170 249 1258 278; x_wconf 92' lang='lat' dir='ltr'>nimio</span> 
     </span>
     <span class='ocr_line' id='line_1_7' title="bbox 199 291 1257 333; baseline -0.003 -10"><span class='ocrx_word' id='word_1_37' title='bbox 199 303 336 323; x_wconf 87' lang='lat' dir='ltr'>successu</span> <span class='ocrx_word' id='word_1_38' title='bbox 352 299 379 323; x_wconf 90' lang='lat' dir='ltr'>et</span> <span class='ocrx_word' id='word_1_39' title='bbox 395 294 490 333; x_wconf 90' lang='lat' dir='ltr'>ipsum</span> <span class='ocrx_word' id='word_1_40' title='bbox 507 299 535 323; x_wconf 93' lang='lat' dir='ltr'>et</span> <span class='ocrx_word' id='word_1_41' title='bbox 550 294 655 323; x_wconf 84' lang='lat' dir='ltr'>milites</span> <span class='ocrx_word' id='word_1_42' title='bbox 671 293 774 332; x_wconf 86' lang='lat' dir='ltr'>praeda</span> <span class='ocrx_word' id='word_1_43' title='bbox 791 293 925 331; x_wconf 91' lang='lat' dir='ltr'>impletos</span> <span class='ocrx_word' id='word_1_44' title='bbox 946 293 974 321; x_wconf 89' lang='lat' dir='ltr'>in</span> <span class='ocrx_word' id='word_1_45' title='bbox 992 297 1099 321; x_wconf 83' lang='lat' dir='ltr'>tantam</span> <span class='ocrx_word' id='word_1_46' title='bbox 1115 291 1257 320; x_wconf 76' lang='lat' dir='ltr'>licentiam</span> 
     </span>
    </p>

    <p class='ocr_par' dir='ltr' id='par_1_5' title="bbox 169 335 1260 417">
     <span class='ocr_line' id='line_1_8' title="bbox 169 335 1259 375; baseline -0.004 -9"><span class='ocrx_word' id='word_1_47' title='bbox 169 343 183 366; x_wconf 86' lang='lat'>7</span> <span class='ocrx_word' id='word_1_48' title='bbox 199 336 418 375; x_wconf 80' lang='lat' dir='ltr'>socordiamque</span> <span class='ocrx_word' id='word_1_49' title='bbox 431 337 546 371; x_wconf 80' lang='lat' dir='ltr'>effusos,</span> <span class='ocrx_word' id='word_1_50' title='bbox 560 340 592 365; x_wconf 86' lang='lat' dir='ltr'>ut</span> <span class='ocrx_word' id='word_1_51' title='bbox 604 335 682 365; x_wconf 88' lang='lat' dir='ltr'>nulla</span> <span class='ocrx_word' id='word_1_52' title='bbox 694 335 844 374; x_wconf 81' lang='lat' dir='ltr'>disciplina</span> <span class='ocrx_word' id='word_1_53' title='bbox 857 335 974 364; x_wconf 87' lang='lat' dir='ltr'>militiae</span> <span class='ocrx_word' id='word_1_54' title='bbox 986 338 1069 363; x_wconf 85' lang='lat' dir='ltr'>esset.</span> <span class='ocrx_word' id='word_1_55' title='bbox 1096 343 1162 363; x_wconf 90' lang='lat' dir='ltr'>cum</span> <span class='ocrx_word' id='word_1_56' title='bbox 1174 343 1259 372; x_wconf 82' lang='lat' dir='ltr'>saepe</span> 
     </span>
     <span class='ocr_line' id='line_1_9' title="bbox 199 376 1260 417; baseline -0.003 -10"><span class='ocrx_word' id='word_1_57' title='bbox 199 378 282 412; x_wconf 90' lang='lat' dir='ltr'>alias,</span> <span class='ocrx_word' id='word_1_58' title='bbox 304 383 364 407; x_wconf 87' lang='lat' dir='ltr'>tum</span> <span class='ocrx_word' id='word_1_59' title='bbox 382 379 481 417; x_wconf 87' lang='lat' dir='ltr'>paucis</span> <span class='ocrx_word' id='word_1_60' title='bbox 502 378 603 407; x_wconf 86' lang='lat' dir='ltr'>diebus</span> <span class='ocrx_word' id='word_1_61' title='bbox 624 382 690 407; x_wconf 85' lang='lat' dir='ltr'>ante</span> <span class='ocrx_word' id='word_1_62' title='bbox 706 381 859 416; x_wconf 87' lang='lat' dir='ltr'>expertus,</span> <span class='ocrx_word' id='word_1_63' title='bbox 882 377 974 416; x_wconf 86' lang='lat' dir='ltr'>qualis</span> <span class='ocrx_word' id='word_1_64' title='bbox 997 376 1050 405; x_wconf 86' lang='lat' dir='ltr'>sub</span> <span class='ocrx_word' id='word_1_65' title='bbox 1072 376 1163 405; x_wconf 89' lang='lat' dir='ltr'>inscio</span> <span class='ocrx_word' id='word_1_66' title='bbox 1187 376 1260 404; x_wconf 87' lang='lat' dir='ltr'>duce</span> 
     </span>
    </p>

    <p class='ocr_par' dir='ltr' id='par_1_6' title="bbox 147 417 1261 584">
     <span class='ocr_line' id='line_1_10' title="bbox 147 417 1259 459; baseline -0.004 -9"><span class='ocrx_word' id='word_1_67' title='bbox 147 423 180 450; x_wconf 81' lang='lat'>21</span> <span class='ocrx_word' id='word_1_68' title='bbox 200 421 341 450; x_wconf 85' lang='lat' dir='ltr'>exercitus</span> <span class='ocrx_word' id='word_1_69' title='bbox 358 426 447 455; x_wconf 87' lang='lat' dir='ltr'>esset,</span> <span class='ocrx_word' id='word_1_70' title='bbox 471 421 498 449; x_wconf 93' lang='lat' dir='ltr'>in</span> <span class='ocrx_word' id='word_1_71' title='bbox 517 420 649 459; x_wconf 82' lang='lat' dir='ltr'>Apuliam</span> <span class='ocrx_word' id='word_1_72' title='bbox 672 424 763 449; x_wconf 82' lang='lat' dir='ltr'>castra</span> <span class='ocrx_word' id='word_1_73' title='bbox 786 419 882 448; x_wconf 81' lang='lat' dir='ltr'>movit.</span> <span class='ocrx_word' id='word_1_74' title='bbox 913 419 987 448; x_wconf 85' lang='lat' dir='ltr'>circa</span> <span class='ocrx_word' id='word_1_75' title='bbox 1005 418 1184 447; x_wconf 84' lang='lat' dir='ltr'>Herdoneam</span> <span class='ocrx_word' id='word_1_76' title='bbox 1203 417 1259 446; x_wconf 87' lang='lat' dir='ltr'>Ro-</span> 
     </span>
     <span class='ocr_line' id='line_1_11' title="bbox 198 459 1261 501; baseline -0.004 -9"><span class='ocrx_word' id='word_1_77' title='bbox 198 472 298 492; x_wconf 82' lang='lat' dir='ltr'>manae</span> <span class='ocrx_word' id='word_1_78' title='bbox 314 463 443 501; x_wconf 83' lang='lat' dir='ltr'>legiones</span> <span class='ocrx_word' id='word_1_79' title='bbox 459 467 487 491; x_wconf 92' lang='lat' dir='ltr'>et</span> <span class='ocrx_word' id='word_1_80' title='bbox 501 466 615 501; x_wconf 85' lang='lat' dir='ltr'>praetor</span> <span class='ocrx_word' id='word_1_81' title='bbox 628 462 745 491; x_wconf 86' lang='lat' dir='ltr'>Fulvius</span> <span class='ocrx_word' id='word_1_82' title='bbox 757 466 825 490; x_wconf 90' lang='lat' dir='ltr'>erat.</span> <span class='ocrx_word' id='word_1_83' title='bbox 854 470 911 500; x_wconf 92' lang='lat' dir='ltr'>quo</span> <span class='ocrx_word' id='word_1_84' title='bbox 925 461 973 490; x_wconf 90' lang='lat' dir='ltr'>ubi</span> <span class='ocrx_word' id='word_1_85' title='bbox 986 460 1103 489; x_wconf 86' lang='lat' dir='ltr'>allatum</span> <span class='ocrx_word' id='word_1_86' title='bbox 1117 465 1158 489; x_wconf 83' lang='lat' dir='ltr'>est</span> <span class='ocrx_word' id='word_1_87' title='bbox 1169 459 1261 489; x_wconf 82' lang='lat' dir='ltr'>hostis</span> 
     </span>
     <span class='ocr_line' id='line_1_12' title="bbox 198 501 1261 544; baseline -0.004 -10"><span class='ocrx_word' id='word_1_88' title='bbox 198 505 365 540; x_wconf 87' lang='lat' dir='ltr'>adventare,</span> <span class='ocrx_word' id='word_1_89' title='bbox 389 514 479 544; x_wconf 84' lang='lat' dir='ltr'>prope</span> <span class='ocrx_word' id='word_1_90' title='bbox 496 509 539 534; x_wconf 84' lang='lat' dir='ltr'>est</span> <span class='ocrx_word' id='word_1_91' title='bbox 555 505 678 539; x_wconf 82' lang='lat' dir='ltr'>sactum,</span> <span class='ocrx_word' id='word_1_92' title='bbox 703 509 733 533; x_wconf 92' lang='lat' dir='ltr'>ut</span> <span class='ocrx_word' id='word_1_93' title='bbox 748 504 860 532; x_wconf 91' lang='lat' dir='ltr'>iniussu</span> <span class='ocrx_word' id='word_1_94' title='bbox 878 503 1018 542; x_wconf 85' lang='lat' dir='ltr'>praetoris</span> <span class='ocrx_word' id='word_1_95' title='bbox 1034 502 1126 541; x_wconf 87' lang='lat' dir='ltr'>signis</span> <span class='ocrx_word' id='word_1_96' title='bbox 1141 501 1261 532; x_wconf 91' lang='lat' dir='ltr'>convul-</span> 
     </span>
     <span class='ocr_line' id='line_1_13' title="bbox 198 544 1260 584; baseline -0.003 -8"><span class='ocrx_word' id='word_1_97' title='bbox 198 548 236 576; x_wconf 91' lang='lat' dir='ltr'>sis</span> <span class='ocrx_word' id='word_1_98' title='bbox 252 547 281 576; x_wconf 90' lang='lat' dir='ltr'>in</span> <span class='ocrx_word' id='word_1_99' title='bbox 298 547 387 576; x_wconf 83' lang='lat' dir='ltr'>aciem</span> <span class='ocrx_word' id='word_1_100' title='bbox 405 548 524 576; x_wconf 87' lang='lat' dir='ltr'>exirent.</span> <span class='ocrx_word' id='word_1_101' title='bbox 558 556 611 576; x_wconf 89' lang='lat' dir='ltr'>nec</span> <span class='ocrx_word' id='word_1_102' title='bbox 634 556 680 575; x_wconf 91' lang='lat' dir='ltr'>res</span> <span class='ocrx_word' id='word_1_103' title='bbox 696 546 787 584; x_wconf 85' lang='lat' dir='ltr'>magis</span> <span class='ocrx_word' id='word_1_104' title='bbox 810 545 866 575; x_wconf 90' lang='lat' dir='ltr'>ulla</span> <span class='ocrx_word' id='word_1_105' title='bbox 883 545 975 574; x_wconf 87' lang='lat' dir='ltr'>tenuit</span> <span class='ocrx_word' id='word_1_106' title='bbox 997 554 1082 583; x_wconf 89' lang='lat' dir='ltr'>quam</span> <span class='ocrx_word' id='word_1_107' title='bbox 1099 553 1165 583; x_wconf 87' lang='lat' dir='ltr'>spes</span> <span class='ocrx_word' id='word_1_108' title='bbox 1184 544 1260 574; x_wconf 89' lang='lat' dir='ltr'>haud</span> 
     </span>
    </p>

    <p class='ocr_par' dir='ltr' id='par_1_7' title="bbox 167 585 1261 711">
     <span class='ocr_line' id='line_1_14' title="bbox 167 585 1261 625; baseline -0.004 -7"><span class='ocrx_word' id='word_1_109' title='bbox 167 594 181 618; x_wconf 90' lang='lat'>2</span> <span class='ocrx_word' id='word_1_110' title='bbox 198 589 283 618; x_wconf 91' lang='lat' dir='ltr'>dubia</span> <span class='ocrx_word' id='word_1_111' title='bbox 306 598 357 618; x_wconf 87' lang='lat' dir='ltr'>suo</span> <span class='ocrx_word' id='word_1_112' title='bbox 387 589 413 618; x_wconf 85' lang='lat' dir='ltr'>id</span> <span class='ocrx_word' id='word_1_113' title='bbox 437 589 571 623; x_wconf 84' lang='lat' dir='ltr'>arbitrio,</span> <span class='ocrx_word' id='word_1_114' title='bbox 599 588 647 617; x_wconf 92' lang='lat' dir='ltr'>ubi</span> <span class='ocrx_word' id='word_1_115' title='bbox 668 588 783 623; x_wconf 85' lang='lat' dir='ltr'>vellent,</span> <span class='ocrx_word' id='word_1_116' title='bbox 813 588 948 617; x_wconf 81' lang='lat' dir='ltr'>facturos.</span> <span class='ocrx_word' id='word_1_117' title='bbox 986 591 1070 616; x_wconf 86' lang='lat' dir='ltr'>nocte</span> <span class='ocrx_word' id='word_1_118' title='bbox 1097 585 1261 625; x_wconf 84' lang='lat' dir='ltr'>insequenti</span> 
     </span>
     <span class='ocr_line' id='line_1_15' title="bbox 197 628 1260 668; baseline -0.003 -8"><span class='ocrx_word' id='word_1_119' title='bbox 197 631 341 660; x_wconf 87' lang='lat' dir='ltr'>Hannibal</span> <span class='ocrx_word' id='word_1_120' title='bbox 370 640 435 660; x_wconf 89' lang='lat' dir='ltr'>cum</span> <span class='ocrx_word' id='word_1_121' title='bbox 464 631 668 660; x_wconf 75' lang='lat' dir='ltr'>tumultuatum</span> <span class='ocrx_word' id='word_1_122' title='bbox 691 630 720 659; x_wconf 94' lang='lat' dir='ltr'>in</span> <span class='ocrx_word' id='word_1_123' title='bbox 744 630 846 659; x_wconf 87' lang='lat' dir='ltr'>castris</span> <span class='ocrx_word' id='word_1_124' title='bbox 875 635 902 659; x_wconf 89' lang='lat' dir='ltr'>et</span> <span class='ocrx_word' id='word_1_125' title='bbox 932 629 1087 668; x_wconf 88' lang='lat' dir='ltr'>plerosque</span> <span class='ocrx_word' id='word_1_126' title='bbox 1117 628 1260 663; x_wconf 76' lang='lat' dir='ltr'>ferociter,</span> 
     </span>
     <span class='ocr_line' id='line_1_16' title="bbox 198 670 1260 711; baseline -0.004 -8"><span class='ocrx_word' id='word_1_127' title='bbox 198 674 313 711; x_wconf 87' lang='lat' dir='ltr'>signum</span> <span class='ocrx_word' id='word_1_128' title='bbox 331 678 359 703; x_wconf 90' lang='lat' dir='ltr'>ut</span> <span class='ocrx_word' id='word_1_129' title='bbox 377 674 466 709; x_wconf 88' lang='lat' dir='ltr'>daret,</span> <span class='ocrx_word' id='word_1_130' title='bbox 484 673 621 702; x_wconf 85' lang='lat' dir='ltr'>institisse</span> <span class='ocrx_word' id='word_1_131' title='bbox 638 673 703 702; x_wconf 92' lang='lat' dir='ltr'>duci</span> <span class='ocrx_word' id='word_1_132' title='bbox 726 673 760 701; x_wconf 89' lang='lat' dir='ltr'>ad</span> <span class='ocrx_word' id='word_1_133' title='bbox 773 681 851 702; x_wconf 87' lang='lat' dir='ltr'>arma</span> <span class='ocrx_word' id='word_1_134' title='bbox 868 671 996 701; x_wconf 88' lang='lat' dir='ltr'>vocantis</span> <span class='ocrx_word' id='word_1_135' title='bbox 1008 671 1104 706; x_wconf 85' lang='lat' dir='ltr'>sciret,</span> <span class='ocrx_word' id='word_1_136' title='bbox 1121 671 1196 700; x_wconf 88' lang='lat' dir='ltr'>haud</span> <span class='ocrx_word' id='word_1_137' title='bbox 1208 670 1260 699; x_wconf 90' lang='lat' dir='ltr'>du-</span> 
     </span>
    </p>

    <p class='ocr_par' dir='ltr' id='par_1_8' title="bbox 166 713 1261 796">
     <span class='ocr_line' id='line_1_17' title="bbox 166 713 1261 755; baseline -0.004 -10"><span class='ocrx_word' id='word_1_138' title='bbox 166 721 181 745; x_wconf 90' lang='lat'><strong>3</strong></span> <span class='ocrx_word' id='word_1_139' title='bbox 196 715 261 745; x_wconf 81' lang='lat' dir='ltr'>bins</span> <span class='ocrx_word' id='word_1_140' title='bbox 277 725 433 755; x_wconf 79' lang='lat' dir='ltr'>prosperae</span> <span class='ocrx_word' id='word_1_141' title='bbox 458 725 572 754; x_wconf 84' lang='lat' dir='ltr'>pugnae</span> <span class='ocrx_word' id='word_1_142' title='bbox 589 715 771 744; x_wconf 86' lang='lat' dir='ltr'>occasionem</span> <span class='ocrx_word' id='word_1_143' title='bbox 787 714 865 749; x_wconf 88' lang='lat' dir='ltr'>dari,</span> <span class='ocrx_word' id='word_1_144' title='bbox 888 714 941 743; x_wconf 80' lang='lat' dir='ltr'>tria</span> <span class='ocrx_word' id='word_1_145' title='bbox 964 713 1041 742; x_wconf 89' lang='lat' dir='ltr'>milia</span> <span class='ocrx_word' id='word_1_146' title='bbox 1059 713 1261 752; x_wconf 87' lang='lat' dir='ltr'>expeditorum</span> 
     </span>
     <span class='ocr_line' id='line_1_18' title="bbox 197 755 1260 796; baseline -0.003 -10"><span class='ocrx_word' id='word_1_147' title='bbox 197 758 321 787; x_wconf 88' lang='lat' dir='ltr'>militum</span> <span class='ocrx_word' id='word_1_148' title='bbox 340 758 368 787; x_wconf 94' lang='lat' dir='ltr'>in</span> <span class='ocrx_word' id='word_1_149' title='bbox 386 758 460 786; x_wconf 81' lang='lat' dir='ltr'>villis</span> <span class='ocrx_word' id='word_1_150' title='bbox 476 758 551 787; x_wconf 89' lang='lat' dir='ltr'>circa</span> <span class='ocrx_word' id='word_1_151' title='bbox 575 757 768 796; x_wconf 86' lang='lat' dir='ltr'>vepribusque</span> <span class='ocrx_word' id='word_1_152' title='bbox 792 761 818 785; x_wconf 91' lang='lat' dir='ltr'>et</span> <span class='ocrx_word' id='word_1_153' title='bbox 841 756 918 785; x_wconf 88' lang='lat' dir='ltr'>silvis</span> <span class='ocrx_word' id='word_1_154' title='bbox 940 755 1083 794; x_wconf 74' lang='lat' dir='ltr'>disponit,</span> <span class='ocrx_word' id='word_1_155' title='bbox 1106 755 1154 793; x_wconf 88' lang='lat' dir='ltr'>qui</span> <span class='ocrx_word' id='word_1_156' title='bbox 1177 755 1260 793; x_wconf 87' lang='lat' dir='ltr'>signo</span> 
     </span>
    </p>

    <p class='ocr_par' dir='ltr' id='par_1_9' title="bbox 167 797 1262 923">
     <span class='ocr_line' id='line_1_19' title="bbox 167 797 1261 836; baseline -0.004 -7"><span class='ocrx_word' id='word_1_157' title='bbox 167 805 181 829; x_wconf 85' lang='lat'>4</span> <span class='ocrx_word' id='word_1_158' title='bbox 197 800 262 829; x_wconf 89' lang='lat' dir='ltr'>dato</span> <span class='ocrx_word' id='word_1_159' title='bbox 280 800 365 829; x_wconf 88' lang='lat' dir='ltr'>simul</span> <span class='ocrx_word' id='word_1_160' title='bbox 381 810 482 829; x_wconf 86' lang='lat' dir='ltr'>omnes</span> <span class='ocrx_word' id='word_1_161' title='bbox 499 810 514 828; x_wconf 86' lang='lat' dir='ltr'>e</span> <span class='ocrx_word' id='word_1_162' title='bbox 530 800 647 829; x_wconf 90' lang='lat' dir='ltr'>latebris</span> <span class='ocrx_word' id='word_1_163' title='bbox 664 800 828 834; x_wconf 85' lang='lat' dir='ltr'>existerent,</span> <span class='ocrx_word' id='word_1_164' title='bbox 846 803 872 827; x_wconf 89' lang='lat' dir='ltr'>et</span> <span class='ocrx_word' id='word_1_165' title='bbox 888 798 1040 836; x_wconf 85' lang='lat' dir='ltr'>Magonem</span> <span class='ocrx_word' id='word_1_166' title='bbox 1054 807 1085 827; x_wconf 83' lang='lat' dir='ltr'>ac</span> <span class='ocrx_word' id='word_1_167' title='bbox 1101 797 1157 826; x_wconf 93' lang='lat' dir='ltr'>duo</span> <span class='ocrx_word' id='word_1_168' title='bbox 1173 797 1261 826; x_wconf 84' lang='lat' dir='ltr'>ferme</span> 
     </span>
     <span class='ocr_line' id='line_1_20' title="bbox 196 839 1261 881; baseline -0.004 -10"><span class='ocrx_word' id='word_1_169' title='bbox 196 842 275 872; x_wconf 88' lang='lat' dir='ltr'>milia</span> <span class='ocrx_word' id='word_1_170' title='bbox 292 842 421 881; x_wconf 87' lang='lat' dir='ltr'>equitum</span> <span class='ocrx_word' id='word_1_171' title='bbox 433 865 440 878; x_wconf 91' lang='lat'>,</span> <span class='ocrx_word' id='word_1_172' title='bbox 465 852 520 880; x_wconf 88' lang='lat' dir='ltr'>qua</span> <span class='ocrx_word' id='word_1_173' title='bbox 537 842 633 879; x_wconf 87' lang='lat' dir='ltr'>sugam</span> <span class='ocrx_word' id='word_1_174' title='bbox 651 841 856 871; x_wconf 83' lang='lat' dir='ltr'>inclinaturam</span> <span class='ocrx_word' id='word_1_175' title='bbox 873 840 1021 875; x_wconf 85' lang='lat' dir='ltr'>credebat,</span> <span class='ocrx_word' id='word_1_176' title='bbox 1046 839 1142 868; x_wconf 88' lang='lat' dir='ltr'>omnia</span> <span class='ocrx_word' id='word_1_177' title='bbox 1159 839 1261 868; x_wconf 87' lang='lat' dir='ltr'>itinera</span> 
     </span>
     <span class='ocr_line' id='line_1_21' title="bbox 198 881 1262 923; baseline -0.004 -9"><span class='ocrx_word' id='word_1_178' title='bbox 198 884 323 914; x_wconf 88' lang='lat' dir='ltr'>insidere</span> <span class='ocrx_word' id='word_1_179' title='bbox 340 884 427 914; x_wconf 91' lang='lat' dir='ltr'>iubet.</span> <span class='ocrx_word' id='word_1_180' title='bbox 459 885 503 914; x_wconf 82' lang='lat' dir='ltr'>liis</span> <span class='ocrx_word' id='word_1_181' title='bbox 520 888 605 913; x_wconf 87' lang='lat' dir='ltr'>nocte</span> <span class='ocrx_word' id='word_1_182' title='bbox 621 883 797 923; x_wconf 86' lang='lat' dir='ltr'>praeparatis</span> <span class='ocrx_word' id='word_1_183' title='bbox 815 883 906 922; x_wconf 87' lang='lat' dir='ltr'>prima</span> <span class='ocrx_word' id='word_1_184' title='bbox 923 882 986 911; x_wconf 89' lang='lat' dir='ltr'>luce</span> <span class='ocrx_word' id='word_1_185' title='bbox 1010 882 1038 911; x_wconf 90' lang='lat' dir='ltr'>in</span> <span class='ocrx_word' id='word_1_186' title='bbox 1056 882 1146 911; x_wconf 86' lang='lat' dir='ltr'>aciem</span> <span class='ocrx_word' id='word_1_187' title='bbox 1163 881 1262 920; x_wconf 84' lang='lat' dir='ltr'>copias</span> 
     </span>
    </p>

    <p class='ocr_par' dir='ltr' id='par_1_10' title="bbox 168 923 1261 1092">
     <span class='ocr_line' id='line_1_22' title="bbox 168 923 1261 962; baseline -0.004 -6"><span class='ocrx_word' id='word_1_188' title='bbox 168 932 182 955; x_wconf 89' lang='lat'>5</span> <span class='ocrx_word' id='word_1_189' title='bbox 198 927 304 956; x_wconf 88' lang='lat' dir='ltr'>educit.</span> <span class='ocrx_word' id='word_1_190' title='bbox 342 936 395 956; x_wconf 87' lang='lat' dir='ltr'>nec</span> <span class='ocrx_word' id='word_1_191' title='bbox 411 927 529 956; x_wconf 87' lang='lat' dir='ltr'>Fulvius</span> <span class='ocrx_word' id='word_1_192' title='bbox 552 930 596 955; x_wconf 81' lang='lat' dir='ltr'>est</span> <span class='ocrx_word' id='word_1_193' title='bbox 617 930 786 961; x_wconf 87' lang='lat' dir='ltr'>cunctatus,</span> <span class='ocrx_word' id='word_1_194' title='bbox 812 935 871 954; x_wconf 91' lang='lat' dir='ltr'>non</span> <span class='ocrx_word' id='word_1_195' title='bbox 891 931 946 954; x_wconf 86' lang='lat' dir='ltr'>tam</span> <span class='ocrx_word' id='word_1_196' title='bbox 962 933 1012 954; x_wconf 85' lang='lat' dir='ltr'>sua</span> <span class='ocrx_word' id='word_1_197' title='bbox 1029 923 1086 953; x_wconf 88' lang='lat' dir='ltr'>ulla</span> <span class='ocrx_word' id='word_1_198' title='bbox 1107 933 1159 962; x_wconf 86' lang='lat' dir='ltr'>spe</span> <span class='ocrx_word' id='word_1_199' title='bbox 1175 932 1261 962; x_wconf 91' lang='lat' dir='ltr'>quam</span> 
     </span>
     <span class='ocr_line' id='line_1_23' title="bbox 196 966 1261 1007; baseline -0.004 -9"><span class='ocrx_word' id='word_1_200' title='bbox 196 969 323 998; x_wconf 86' lang='lat' dir='ltr'>militum</span> <span class='ocrx_word' id='word_1_201' title='bbox 349 970 458 1007; x_wconf 89' lang='lat' dir='ltr'>impetu</span> <span class='ocrx_word' id='word_1_202' title='bbox 476 969 594 998; x_wconf 84' lang='lat' dir='ltr'>fortuito</span> <span class='ocrx_word' id='word_1_203' title='bbox 616 973 732 997; x_wconf 85' lang='lat' dir='ltr'>tractus.</span> <span class='ocrx_word' id='word_1_204' title='bbox 763 967 861 1006; x_wconf 87' lang='lat' dir='ltr'>itaque</span> <span class='ocrx_word' id='word_1_205' title='bbox 883 967 981 996; x_wconf 88' lang='lat' dir='ltr'>eadem</span> <span class='ocrx_word' id='word_1_206' title='bbox 1005 966 1181 1000; x_wconf 80' lang='lat' dir='ltr'>temeritate,</span> <span class='ocrx_word' id='word_1_207' title='bbox 1205 975 1261 1004; x_wconf 88' lang='lat' dir='ltr'>qua</span> 
     </span>
     <span class='ocr_line' id='line_1_24' title="bbox 196 1007 1261 1050; baseline -0.005 -10"><span class='ocrx_word' id='word_1_208' title='bbox 196 1020 366 1050; x_wconf 83' lang='lat' dir='ltr'>processum</span> <span class='ocrx_word' id='word_1_209' title='bbox 383 1011 411 1040; x_wconf 94' lang='lat' dir='ltr'>in</span> <span class='ocrx_word' id='word_1_210' title='bbox 429 1011 520 1040; x_wconf 85' lang='lat' dir='ltr'>aciem</span> <span class='ocrx_word' id='word_1_211' title='bbox 537 1016 594 1045; x_wconf 86' lang='lat' dir='ltr'>est,</span> <span class='ocrx_word' id='word_1_212' title='bbox 620 1010 773 1039; x_wconf 82' lang='lat' dir='ltr'>instruitur</span> <span class='ocrx_word' id='word_1_213' title='bbox 789 1010 850 1048; x_wconf 85' lang='lat' dir='ltr'>ipsa</span> <span class='ocrx_word' id='word_1_214' title='bbox 872 1009 948 1038; x_wconf 87' lang='lat' dir='ltr'>acies</span> <span class='ocrx_word' id='word_1_215' title='bbox 963 1009 997 1037; x_wconf 92' lang='lat' dir='ltr'>ad</span> <span class='ocrx_word' id='word_1_216' title='bbox 1014 1008 1162 1037; x_wconf 88' lang='lat' dir='ltr'>libidinem</span> <span class='ocrx_word' id='word_1_217' title='bbox 1185 1007 1261 1036; x_wconf 90' lang='lat' dir='ltr'>mili-</span> 
     </span>
     <span class='ocr_line' id='line_1_25' title="bbox 195 1049 1261 1092; baseline -0.004 -10"><span class='ocrx_word' id='word_1_218' title='bbox 195 1057 257 1082; x_wconf 88' lang='lat' dir='ltr'>tum</span> <span class='ocrx_word' id='word_1_219' title='bbox 267 1054 340 1082; x_wconf 83' lang='lat' dir='ltr'>sorte</span> <span class='ocrx_word' id='word_1_220' title='bbox 348 1053 583 1092; x_wconf 85' lang='lat' dir='ltr'>procurrentium</span> <span class='ocrx_word' id='word_1_221' title='bbox 596 1052 885 1090; x_wconf 82' lang='lat' dir='ltr'>consistentiumque,</span> <span class='ocrx_word' id='word_1_222' title='bbox 899 1060 956 1089; x_wconf 90' lang='lat' dir='ltr'>quo</span> <span class='ocrx_word' id='word_1_223' title='bbox 966 1050 1029 1079; x_wconf 90' lang='lat' dir='ltr'>loco</span> <span class='ocrx_word' id='word_1_224' title='bbox 1038 1050 1168 1088; x_wconf 86' lang='lat' dir='ltr'>ipsorum</span> <span class='ocrx_word' id='word_1_225' title='bbox 1178 1049 1261 1078; x_wconf 90' lang='lat' dir='ltr'>tulis-</span> 
     </span>
    </p>
   </div>
   <div class='ocr_carea' id='block_1_5' title="bbox 193 1126 708 1934">
    <p class='ocr_par' dir='ltr' id='par_1_11' title="bbox 193 1126 705 1259">
     <span class='ocr_line' id='line_1_26' title="bbox 197 1126 705 1159; baseline -0.006 -7"><span class='ocrx_word' id='word_1_226' title='bbox 197 1135 225 1152; x_wconf 91' lang='lat' dir='ltr'>so</span> <span class='ocrx_word' id='word_1_227' title='bbox 244 1127 403 1159; x_wconf 83' lang='lat' dir='ltr'>gliicklichen</span> <span class='ocrx_word' id='word_1_228' title='bbox 417 1127 500 1158; x_wconf 76' lang='lat' dir='ltr'>Ersolg</span> <span class='ocrx_word' id='word_1_229' title='bbox 519 1126 612 1159; x_wconf 81' lang='lat' dir='ltr'>gehabt</span> <span class='ocrx_word' id='word_1_230' title='bbox 628 1126 705 1157; x_wconf 81' lang='lat' dir='ltr'>hatte,</span> 
     </span>
     <span class='ocr_line' id='line_1_27' title="bbox 193 1159 704 1192; baseline -0.002 -7"><span class='ocrx_word' id='word_1_231' title='bbox 193 1159 300 1186; x_wconf 76' lang='lat' dir='ltr'>‘lauerte</span> <span class='ocrx_word' id='word_1_232' title='bbox 319 1169 345 1185; x_wconf 89' lang='lat' dir='ltr'>er</span> <span class='ocrx_word' id='word_1_233' title='bbox 364 1159 417 1185; x_wconf 78' lang='lat' dir='ltr'>auf&#39;</span> <span class='ocrx_word' id='word_1_234' title='bbox 445 1161 499 1185; x_wconf 74' lang='lat' dir='ltr'>eine</span> <span class='ocrx_word' id='word_1_235' title='bbox 523 1160 640 1192; x_wconf 85' lang='lat' dir='ltr'>giinstige</span> <span class='ocrx_word' id='word_1_236' title='bbox 659 1160 704 1184; x_wconf 88' lang='lat' dir='ltr'>Ge-</span> 
     </span>
     <span class='ocr_line' id='line_1_28' title="bbox 196 1194 705 1227; baseline -0.004 -8"><span class='ocrx_word' id='word_1_237' title='bbox 196 1194 324 1227; x_wconf 78' lang='lat' dir='ltr'>legenlieit</span> <span class='ocrx_word' id='word_1_238' title='bbox 344 1215 349 1220; x_wconf 91' lang='lat'>.</span> <span class='ocrx_word' id='word_1_239' title='bbox 371 1203 390 1225; x_wconf 86' lang='lat'>.;</span> <span class='ocrx_word' id='word_1_240' title='bbox 420 1202 462 1219; x_wconf 87' lang='lat' dir='ltr'>zur</span> <span class='ocrx_word' id='word_1_241' title='bbox 481 1194 580 1219; x_wconf 78' lang='lat' dir='ltr'>h‘onstr.</span> <span class='ocrx_word' id='word_1_242' title='bbox 605 1194 656 1225; x_wconf 82' lang='lat' dir='ltr'>vgl.</span> <span class='ocrx_word' id='word_1_243' title='bbox 682 1195 705 1224; x_wconf 78' lang='lat' dir='ltr'>S,</span> 
     </span>
     <span class='ocr_line' id='line_1_29' title="bbox 196 1230 297 1259; baseline -0.01 -5"><span class='ocrx_word' id='word_1_244' title='bbox 196 1230 237 1259; x_wconf 89' lang='lat'>22,</span> <span class='ocrx_word' id='word_1_245' title='bbox 259 1230 297 1253; x_wconf 81' lang='lat'>10.</span> 
     </span>
    </p>

    <p class='ocr_par' dir='ltr' id='par_1_12' title="bbox 197 1260 704 1427">
     <span class='ocr_line' id='line_1_30' title="bbox 231 1260 704 1292; baseline -0.004 -6"><span class='ocrx_word' id='word_1_246' title='bbox 231 1264 254 1286; x_wconf 78' lang='lat'>6.</span> <span class='ocrx_word' id='word_1_247' title='bbox 278 1262 410 1291; x_wconf 77' lang='lat' dir='ltr'>Fulvium]</span> <span class='ocrx_word' id='word_1_248' title='bbox 429 1269 449 1285; x_wconf 85' lang='lat' dir='ltr'>s.</span> <span class='ocrx_word' id='word_1_249' title='bbox 468 1263 491 1291; x_wconf 86' lang='lat'>3,</span> <span class='ocrx_word' id='word_1_250' title='bbox 509 1263 532 1286; x_wconf 90' lang='lat'>2.</span> <span class='ocrx_word' id='word_1_251' title='bbox 551 1275 583 1278; x_wconf 89' lang='lat'><strong>—</strong></span> <span class='ocrx_word' id='word_1_252' title='bbox 601 1260 704 1292; x_wconf 74' lang='lat' dir='ltr'>praeda</span> 
     </span>
     <span class='ocr_line' id='line_1_31' title="bbox 198 1295 703 1327; baseline -0.002 -7"><span class='ocrx_word' id='word_1_253' title='bbox 198 1296 325 1327; x_wconf 77' lang='lat' dir='ltr'>impletos]</span> <span class='ocrx_word' id='word_1_254' title='bbox 352 1295 402 1327; x_wconf 82' lang='lat' dir='ltr'>vgl.</span> <span class='ocrx_word' id='word_1_255' title='bbox 429 1296 452 1325; x_wconf 82' lang='lat'>7,</span> <span class='ocrx_word' id='word_1_256' title='bbox 474 1297 511 1324; x_wconf 78' lang='lat' dir='ltr'>lss,</span> <span class='ocrx_word' id='word_1_257' title='bbox 530 1297 553 1319; x_wconf 81' lang='lat'>3.</span> <span class='ocrx_word' id='word_1_258' title='bbox 573 1309 605 1312; x_wconf 97' lang='lat'><strong>—</strong></span> <span class='ocrx_word' id='word_1_259' title='bbox 626 1296 652 1318; x_wconf 86' lang='lat' dir='ltr'>in</span> <span class='ocrx_word' id='word_1_260' title='bbox 671 1313 676 1318; x_wconf 90' lang='lat'>.</span> <span class='ocrx_word' id='word_1_261' title='bbox 697 1313 703 1319; x_wconf 91' lang='lat'>.</span> 
     </span>
     <span class='ocr_line' id='line_1_32' title="bbox 199 1329 703 1358; baseline -0.002 -5"><span class='ocrx_word' id='word_1_262' title='bbox 199 1330 331 1354; x_wconf 79' lang='lat' dir='ltr'>licentiam</span> <span class='ocrx_word' id='word_1_263' title='bbox 350 1348 372 1353; x_wconf 85' lang='lat'>..</span> <span class='ocrx_word' id='word_1_264' title='bbox 389 1329 494 1358; x_wconf 74' lang='lat' dir='ltr'>effusos]</span> <span class='ocrx_word' id='word_1_265' title='bbox 515 1336 535 1353; x_wconf 84' lang='lat' dir='ltr'>s.</span> <span class='ocrx_word' id='word_1_266' title='bbox 556 1330 595 1358; x_wconf 77' lang='lat'>36,</span> <span class='ocrx_word' id='word_1_267' title='bbox 616 1330 654 1357; x_wconf 93' lang='grc'>11,</span> <span class='ocrx_word' id='word_1_268' title='bbox 674 1329 703 1352; x_wconf 89' lang='lat'>3:</span> 
     </span>
     <span class='ocr_line' id='line_1_33' title="bbox 197 1362 704 1393; baseline -0.004 -6"><span class='ocrx_word' id='word_1_269' title='bbox 197 1365 225 1387; x_wconf 80' lang='lat' dir='ltr'>in</span> <span class='ocrx_word' id='word_1_270' title='bbox 254 1363 362 1387; x_wconf 77' lang='lat' dir='ltr'>eandem</span> <span class='ocrx_word' id='word_1_271' title='bbox 385 1363 543 1393; x_wconf 66' lang='lat' dir='ltr'>(lnaeuriam)</span> <span class='ocrx_word' id='word_1_272' title='bbox 567 1365 591 1386; x_wconf 85' lang='lat' dir='ltr'>et</span> <span class='ocrx_word' id='word_1_273' title='bbox 609 1362 704 1385; x_wconf 80' lang='lat' dir='ltr'>milites</span> 
     </span>
     <span class='ocr_line' id='line_1_34' title="bbox 198 1398 361 1427; baseline -0.006 -6"><span class='ocrx_word' id='word_1_274' title='bbox 198 1398 276 1427; x_wconf 71' lang='lat' dir='ltr'>effusi</span> <span class='ocrx_word' id='word_1_275' title='bbox 293 1400 361 1421; x_wconf 79' lang='lat' dir='ltr'>sunt.</span> 
     </span>
    </p>

    <p class='ocr_par' dir='ltr' id='par_1_13' title="bbox 199 1429 705 1495">
     <span class='ocr_line' id='line_1_35' title="bbox 232 1429 705 1461; baseline -0.004 -7"><span class='ocrx_word' id='word_1_276' title='bbox 232 1433 255 1455; x_wconf 80' lang='lat'>7.</span> <span class='ocrx_word' id='word_1_277' title='bbox 273 1430 364 1461; x_wconf 81' lang='lat' dir='ltr'>movit]</span> <span class='ocrx_word' id='word_1_278' title='bbox 384 1430 440 1454; x_wconf 77' lang='lat' dir='ltr'>dass</span> <span class='ocrx_word' id='word_1_279' title='bbox 453 1429 574 1454; x_wconf 86' lang='lat' dir='ltr'>Hannibal</span> <span class='ocrx_word' id='word_1_280' title='bbox 594 1429 705 1460; x_wconf 83' lang='lat' dir='ltr'>gemeint</span> 
     </span>
     <span class='ocr_line' id='line_1_36' title="bbox 199 1463 631 1495; baseline -0.005 -7"><span class='ocrx_word' id='word_1_281' title='bbox 199 1464 239 1495; x_wconf 80' lang='lat' dir='ltr'>ist,</span> <span class='ocrx_word' id='word_1_282' title='bbox 258 1465 325 1495; x_wconf 85' lang='lat' dir='ltr'>zeigt</span> <span class='ocrx_word' id='word_1_283' title='bbox 343 1464 387 1488; x_wconf 85' lang='lat' dir='ltr'>der</span> <span class='ocrx_word' id='word_1_284' title='bbox 405 1463 631 1494; x_wconf 85' lang='lat' dir='ltr'>Zusammenhang.</span> 
     </span>
    </p>

    <p class='ocr_par' dir='ltr' id='par_1_14' title="bbox 198 1497 708 1934">
     <span class='ocr_line' id='line_1_37' title="bbox 232 1497 703 1526; baseline -0.004 -3"><span class='ocrx_word' id='word_1_285' title='bbox 232 1497 276 1523; x_wconf 82' lang='lat'>21.</span> <span class='ocrx_word' id='word_1_286' title='bbox 297 1499 318 1523; x_wconf 82' lang='grc'>1.</span> <span class='ocrx_word' id='word_1_287' title='bbox 338 1497 511 1526; x_wconf 79' lang='lat' dir='ltr'>Herdoneam]</span> <span class='ocrx_word' id='word_1_288' title='bbox 531 1504 550 1521; x_wconf 87' lang='lat' dir='ltr'>s.</span> <span class='ocrx_word' id='word_1_289' title='bbox 570 1498 609 1525; x_wconf 74' lang='lat'>24,</span> <span class='ocrx_word' id='word_1_290' title='bbox 627 1497 667 1526; x_wconf 80' lang='lat'>20,</span> <span class='ocrx_word' id='word_1_291' title='bbox 681 1497 703 1521; x_wconf 85' lang='lat' dir='ltr'>S.</span> 
     </span>
     <span class='ocr_line' id='line_1_38' title="bbox 201 1531 705 1562; baseline -0.002 -8"><span class='ocrx_word' id='word_1_292' title='bbox 201 1546 231 1549; x_wconf 94' lang='lat'>-—</span> <span class='ocrx_word' id='word_1_293' title='bbox 250 1534 275 1554; x_wconf 81' lang='lat' dir='ltr'>et</span> <span class='ocrx_word' id='word_1_294' title='bbox 295 1532 416 1562; x_wconf 75' lang='lat' dir='ltr'>praetor]</span> <span class='ocrx_word' id='word_1_295' title='bbox 436 1538 456 1555; x_wconf 86' lang='lat' dir='ltr'>s.</span> <span class='ocrx_word' id='word_1_296' title='bbox 476 1532 516 1561; x_wconf 78' lang='lat'>23,</span> <span class='ocrx_word' id='word_1_297' title='bbox 535 1532 575 1561; x_wconf 87' lang='lat'>33,</span> <span class='ocrx_word' id='word_1_298' title='bbox 598 1531 638 1557; x_wconf 74' lang='lat'>11:</span> <span class='ocrx_word' id='word_1_299' title='bbox 662 1537 705 1561; x_wconf 80' lang='lat' dir='ltr'>ge-</span> 
     </span>
     <span class='ocr_line' id='line_1_39' title="bbox 199 1563 705 1595; baseline -0.002 -7"><span class='ocrx_word' id='word_1_300' title='bbox 199 1565 327 1590; x_wconf 75' lang='lat' dir='ltr'>wohnlich</span> <span class='ocrx_word' id='word_1_301' title='bbox 340 1564 408 1589; x_wconf 81' lang='lat' dir='ltr'>stelit</span> <span class='ocrx_word' id='word_1_302' title='bbox 420 1564 460 1588; x_wconf 87' lang='lat' dir='ltr'>die</span> <span class='ocrx_word' id='word_1_303' title='bbox 471 1564 648 1595; x_wconf 81' lang='lat' dir='ltr'>Bezeichnung</span> <span class='ocrx_word' id='word_1_304' title='bbox 661 1563 705 1588; x_wconf 88' lang='lat' dir='ltr'>des</span> 
     </span>
     <span class='ocr_line' id='line_1_40' title="bbox 198 1598 704 1629; baseline -0.006 -6"><span class='ocrx_word' id='word_1_305' title='bbox 198 1599 335 1623; x_wconf 79' lang='lat' dir='ltr'>Anffihrers</span> <span class='ocrx_word' id='word_1_306' title='bbox 346 1606 423 1622; x_wconf 84' lang='lat' dir='ltr'>voran</span> <span class='ocrx_word' id='word_1_307' title='bbox 434 1598 494 1622; x_wconf 86' lang='lat' dir='ltr'>oder</span> <span class='ocrx_word' id='word_1_308' title='bbox 505 1598 568 1629; x_wconf 82' lang='lat' dir='ltr'>tolgt</span> <span class='ocrx_word' id='word_1_309' title='bbox 577 1598 622 1622; x_wconf 84' lang='lat' dir='ltr'>mit</span> <span class='ocrx_word' id='word_1_310' title='bbox 633 1605 704 1625; x_wconf 85' lang='lat' dir='ltr'>cum;</span> 
     </span>
     <span class='ocr_line' id='line_1_41' title="bbox 199 1630 705 1663; baseline -0.004 -7"><span class='ocrx_word' id='word_1_311' title='bbox 199 1641 219 1657; x_wconf 87' lang='lat' dir='ltr'>s.</span> <span class='ocrx_word' id='word_1_312' title='bbox 238 1640 269 1656; x_wconf 92' lang='lat' dir='ltr'>zu</span> <span class='ocrx_word' id='word_1_313' title='bbox 288 1634 328 1663; x_wconf 84' lang='grc'>24,</span> <span class='ocrx_word' id='word_1_314' title='bbox 348 1633 388 1662; x_wconf 88' lang='grc'>20,</span> <span class='ocrx_word' id='word_1_315' title='bbox 410 1633 429 1657; x_wconf 91' lang='lat'>1.</span> <span class='ocrx_word' id='word_1_316' title='bbox 466 1631 509 1655; x_wconf 91' lang='lat' dir='ltr'>Ein</span> <span class='ocrx_word' id='word_1_317' title='bbox 533 1632 576 1655; x_wconf 91' lang='lat' dir='ltr'>Cn.</span> <span class='ocrx_word' id='word_1_318' title='bbox 603 1630 705 1655; x_wconf 87' lang='lat' dir='ltr'>Fulvius</span> 
     </span>
     <span class='ocr_line' id='line_1_42' title="bbox 199 1664 705 1697; baseline -0.004 -7"><span class='ocrx_word' id='word_1_319' title='bbox 199 1666 262 1691; x_wconf 88' lang='lat' dir='ltr'>wird</span> <span class='ocrx_word' id='word_1_320' title='bbox 282 1669 353 1690; x_wconf 84' lang='lat' dir='ltr'>unter</span> <span class='ocrx_word' id='word_1_321' title='bbox 366 1666 414 1690; x_wconf 79' lang='lat' dir='ltr'>fast</span> <span class='ocrx_word' id='word_1_322' title='bbox 428 1665 541 1697; x_wconf 82' lang='lat' dir='ltr'>gleiclien</span> <span class='ocrx_word' id='word_1_323' title='bbox 554 1664 705 1689; x_wconf 73' lang='lat' dir='ltr'>Umstanden</span> 
     </span>
     <span class='ocr_line' id='line_1_43' title="bbox 199 1698 705 1731; baseline -0.004 -7"><span class='ocrx_word' id='word_1_324' title='bbox 199 1701 240 1729; x_wconf 84' lang='lat'>27,</span> <span class='ocrx_word' id='word_1_325' title='bbox 261 1702 283 1730; x_wconf 88' lang='lat'>1,</span> <span class='ocrx_word' id='word_1_326' title='bbox 296 1702 311 1724; x_wconf 77' lang='lat'>4</span> <span class='ocrx_word' id='word_1_327' title='bbox 330 1708 379 1724; x_wconf 78' lang='lat' dir='ltr'>von</span> <span class='ocrx_word' id='word_1_328' title='bbox 398 1699 520 1723; x_wconf 87' lang='lat' dir='ltr'>Hannibal</span> <span class='ocrx_word' id='word_1_329' title='bbox 539 1698 705 1731; x_wconf 64' lang='lat' dir='ltr'>gescltlageru</span> 
     </span>
     <span class='ocr_line' id='line_1_44' title="bbox 200 1731 706 1764; baseline -0.004 -6"><span class='ocrx_word' id='word_1_330' title='bbox 200 1733 407 1758; x_wconf 84' lang='lat' dir='ltr'>wahrscheintich</span> <span class='ocrx_word' id='word_1_331' title='bbox 427 1733 459 1758; x_wconf 82' lang='lat' dir='ltr'>ist</span> <span class='ocrx_word' id='word_1_332' title='bbox 477 1732 516 1756; x_wconf 85' lang='lat' dir='ltr'>die</span> <span class='ocrx_word' id='word_1_333' title='bbox 536 1740 565 1756; x_wconf 87' lang='lat' dir='ltr'>an</span> <span class='ocrx_word' id='word_1_334' title='bbox 580 1740 601 1756; x_wconf 88' lang='lat' dir='ltr'>u.</span> <span class='ocrx_word' id='word_1_335' title='bbox 613 1731 650 1757; x_wconf 91' lang='lat' dir='ltr'>St.</span> <span class='ocrx_word' id='word_1_336' title='bbox 665 1739 706 1764; x_wconf 86' lang='lat' dir='ltr'>ge-</span> 
     </span>
     <span class='ocr_line' id='line_1_45' title="bbox 201 1765 707 1799; baseline -0.006 -7"><span class='ocrx_word' id='word_1_337' title='bbox 201 1768 297 1799; x_wconf 79' lang='lat' dir='ltr'>gebene</span> <span class='ocrx_word' id='word_1_338' title='bbox 311 1767 469 1798; x_wconf 82' lang='lat' dir='ltr'>Darstellung</span> <span class='ocrx_word' id='word_1_339' title='bbox 483 1774 528 1790; x_wconf 91' lang='lat' dir='ltr'>nur</span> <span class='ocrx_word' id='word_1_340' title='bbox 543 1766 597 1790; x_wconf 87' lang='lat' dir='ltr'>eine</span> <span class='ocrx_word' id='word_1_341' title='bbox 617 1765 707 1790; x_wconf 83' lang='lat' dir='ltr'>andere</span> 
     </span>
     <span class='ocr_line' id='line_1_46' title="bbox 200 1800 706 1833; baseline -0.004 -8"><span class='ocrx_word' id='word_1_342' title='bbox 200 1801 272 1826; x_wconf 86' lang='lat' dir='ltr'>Form</span> <span class='ocrx_word' id='word_1_343' title='bbox 291 1801 334 1825; x_wconf 84' lang='lat' dir='ltr'>der</span> <span class='ocrx_word' id='word_1_344' title='bbox 352 1801 481 1833; x_wconf 66' lang='lat' dir='ltr'>spaterem</span> <span class='ocrx_word' id='word_1_345' title='bbox 504 1800 557 1831; x_wconf 77' lang='lat' dir='ltr'>vgl.</span> <span class='ocrx_word' id='word_1_346' title='bbox 575 1807 605 1824; x_wconf 93' lang='lat' dir='ltr'>zu</span> <span class='ocrx_word' id='word_1_347' title='bbox 626 1801 664 1829; x_wconf 82' lang='lat'>18,</span> <span class='ocrx_word' id='word_1_348' title='bbox 684 1801 706 1824; x_wconf 83' lang='lat'>3.</span> 
     </span>
     <span class='ocr_line' id='line_1_47' title="bbox 200 1834 706 1866; baseline -0.002 -8"><span class='ocrx_word' id='word_1_349' title='bbox 200 1849 232 1853; x_wconf 97' lang='lat'><strong>—</strong></span> <span class='ocrx_word' id='word_1_350' title='bbox 251 1836 318 1865; x_wconf 73' lang='lat' dir='ltr'>erat]</span> <span class='ocrx_word' id='word_1_351' title='bbox 343 1835 394 1866; x_wconf 80' lang='lat' dir='ltr'>vgl.</span> <span class='ocrx_word' id='word_1_352' title='bbox 418 1834 486 1858; x_wconf 65' lang='lat' dir='ltr'>Caes.</span> <span class='ocrx_word' id='word_1_353' title='bbox 507 1834 555 1858; x_wconf 89' lang='lat' dir='ltr'>BG.</span> <span class='ocrx_word' id='word_1_354' title='bbox 576 1835 599 1863; x_wconf 81' lang='lat'>2,</span> <span class='ocrx_word' id='word_1_355' title='bbox 619 1834 659 1864; x_wconf 73' lang='lat'>28,</span> <span class='ocrx_word' id='word_1_356' title='bbox 679 1834 706 1857; x_wconf 89' lang='lat'>3:</span> 
     </span>
     <span class='ocr_line' id='line_1_48' title="bbox 200 1868 708 1900; baseline -0.004 -8"><span class='ocrx_word' id='word_1_357' title='bbox 200 1871 351 1900; x_wconf 77' lang='lat' dir='ltr'>quantoque</span> <span class='ocrx_word' id='word_1_358' title='bbox 365 1870 391 1892; x_wconf 79' lang='lat' dir='ltr'>[n</span> <span class='ocrx_word' id='word_1_359' title='bbox 410 1868 527 1899; x_wconf 71' lang='lat' dir='ltr'>periculo</span> <span class='ocrx_word' id='word_1_360' title='bbox 542 1870 565 1891; x_wconf 84' lang='grc' dir='ltr'>ει</span> <span class='ocrx_word' id='word_1_361' title='bbox 579 1870 666 1891; x_wconf 76' lang='lat' dir='ltr'>castra</span> <span class='ocrx_word' id='word_1_362' title='bbox 684 1869 708 1891; x_wconf 86' lang='lat' dir='ltr'>et</span> 
     </span>
     <span class='ocr_line' id='line_1_49' title="bbox 202 1902 706 1934; baseline -0.004 -8"><span class='ocrx_word' id='word_1_363' title='bbox 202 1902 317 1933; x_wconf 76' lang='lat' dir='ltr'>legiones</span> <span class='ocrx_word' id='word_1_364' title='bbox 335 1905 360 1926; x_wconf 80' lang='lat' dir='ltr'>et</span> <span class='ocrx_word' id='word_1_365' title='bbox 384 1904 529 1934; x_wconf 71' lang='lat' dir='ltr'>impet-atot-</span> <span class='ocrx_word' id='word_1_366' title='bbox 547 1903 706 1925; x_wconf 74' lang='lat' dir='ltr'>versaretur.</span> 
     </span>
    </p>
   </div>
   <div class='ocr_carea' id='block_1_6' title="bbox 755 1124 1266 1931">
    <p class='ocr_par' dir='ltr' id='par_1_15' title="bbox 755 1124 1262 1258">
     <span class='ocr_line' id='line_1_50' title="bbox 755 1124 1262 1155; baseline -0.006 -6"><span class='ocrx_word' id='word_1_367' title='bbox 755 1140 788 1143; x_wconf 90' lang='lat'>——</span> <span class='ocrx_word' id='word_1_368' title='bbox 808 1125 948 1154; x_wconf 74' lang='lat' dir='ltr'>convulsis]</span> <span class='ocrx_word' id='word_1_369' title='bbox 967 1132 987 1148; x_wconf 86' lang='lat' dir='ltr'>s.</span> <span class='ocrx_word' id='word_1_370' title='bbox 1008 1126 1030 1155; x_wconf 87' lang='lat'>3,</span> <span class='ocrx_word' id='word_1_371' title='bbox 1046 1125 1070 1153; x_wconf 82' lang='lat'>7,</span> <span class='ocrx_word' id='word_1_372' title='bbox 1085 1125 1108 1148; x_wconf 87' lang='lat'>3.</span> <span class='ocrx_word' id='word_1_373' title='bbox 1126 1137 1158 1140; x_wconf 87' lang='lat'><strong>—</strong></span> <span class='ocrx_word' id='word_1_374' title='bbox 1177 1124 1262 1154; x_wconf 79' lang='lat' dir='ltr'>magis</span> 
     </span>
     <span class='ocr_line' id='line_1_51' title="bbox 756 1156 1261 1191; baseline -0.006 -8"><span class='ocrx_word' id='word_1_375' title='bbox 756 1158 825 1191; x_wconf 82' lang='lat' dir='ltr'><em>ullu]</em></span> <span class='ocrx_word' id='word_1_376' title='bbox 854 1158 930 1183; x_wconf 86' lang='lat' dir='ltr'>durch</span> <span class='ocrx_word' id='word_1_377' title='bbox 961 1157 1029 1182; x_wconf 88' lang='lat' dir='ltr'>diese</span> <span class='ocrx_word' id='word_1_378' title='bbox 1056 1157 1172 1188; x_wconf 81' lang='lat' dir='ltr'>Stellung</span> <span class='ocrx_word' id='word_1_379' title='bbox 1200 1156 1261 1181; x_wconf 90' lang='lat' dir='ltr'>wird</span> 
     </span>
     <span class='ocr_line' id='line_1_52' title="bbox 755 1191 1262 1224; baseline -0.004 -8"><span class='ocrx_word' id='word_1_380' title='bbox 755 1195 842 1223; x_wconf 79' lang='lat' dir='ltr'>magis</span> <span class='ocrx_word' id='word_1_381' title='bbox 861 1192 988 1224; x_wconf 81' lang='lat' dir='ltr'>gehoben;</span> <span class='ocrx_word' id='word_1_382' title='bbox 1009 1191 1060 1223; x_wconf 84' lang='lat' dir='ltr'>vgl.</span> <span class='ocrx_word' id='word_1_383' title='bbox 1079 1192 1121 1221; x_wconf 89' lang='lat'>21,</span> <span class='ocrx_word' id='word_1_384' title='bbox 1134 1192 1174 1221; x_wconf 81' lang='lat'>59,</span> <span class='ocrx_word' id='word_1_385' title='bbox 1188 1192 1210 1215; x_wconf 75' lang='lat'>7.</span> <span class='ocrx_word' id='word_1_386' title='bbox 1229 1204 1262 1208; x_wconf 90' lang='lat'><em>-</em></span> 
     </span>
     <span class='ocr_line' id='line_1_53' title="bbox 756 1225 963 1258; baseline 0 -8"><span class='ocrx_word' id='word_1_387' title='bbox 756 1225 813 1258; x_wconf 79' lang='lat' dir='ltr'><em>uhi]</em></span> <span class='ocrx_word' id='word_1_388' title='bbox 833 1225 963 1258; x_wconf 84' lang='lat' dir='ltr'>temporal.</span> 
     </span>
    </p>

    <p class='ocr_par' dir='ltr' id='par_1_16' title="bbox 756 1257 1264 1456">
     <span class='ocr_line' id='line_1_54' title="bbox 790 1257 1263 1290; baseline -0.004 -7"><span class='ocrx_word' id='word_1_389' title='bbox 790 1261 811 1284; x_wconf 84' lang='lat'>2.</span> <span class='ocrx_word' id='word_1_390' title='bbox 832 1259 1033 1290; x_wconf 72' lang='lat' dir='ltr'>tumultuatum]</span> <span class='ocrx_word' id='word_1_391' title='bbox 1046 1257 1190 1290; x_wconf 70' lang='lat' dir='ltr'>unpersonl.</span> <span class='ocrx_word' id='word_1_392' title='bbox 1202 1257 1263 1282; x_wconf 86' lang='lat' dir='ltr'>Pas-</span> 
     </span>
     <span class='ocr_line' id='line_1_55' title="bbox 757 1291 1262 1325; baseline -0.002 -8"><span class='ocrx_word' id='word_1_393' title='bbox 757 1294 795 1318; x_wconf 88' lang='lat' dir='ltr'>siv</span> <span class='ocrx_word' id='word_1_394' title='bbox 814 1301 872 1317; x_wconf 78' lang='lat' dir='ltr'>vom</span> <span class='ocrx_word' id='word_1_395' title='bbox 891 1292 950 1325; x_wconf 86' lang='lat' dir='ltr'>Dep.</span> <span class='ocrx_word' id='word_1_396' title='bbox 971 1292 1136 1322; x_wconf 75' lang='lat' dir='ltr'>tumultuari,</span> <span class='ocrx_word' id='word_1_397' title='bbox 1155 1291 1200 1316; x_wconf 88' lang='lat' dir='ltr'>das</span> <span class='ocrx_word' id='word_1_398' title='bbox 1209 1291 1262 1316; x_wconf 80' lang='lat' dir='ltr'>Liv.</span> 
     </span>
     <span class='ocr_line' id='line_1_56' title="bbox 756 1325 1262 1359; baseline -0.004 -8"><span class='ocrx_word' id='word_1_399' title='bbox 756 1326 842 1359; x_wconf 83' lang='lat' dir='ltr'>h&#39;aufig</span> <span class='ocrx_word' id='word_1_400' title='bbox 861 1326 917 1355; x_wconf 86' lang='lat' dir='ltr'>bat;</span> <span class='ocrx_word' id='word_1_401' title='bbox 939 1334 958 1351; x_wconf 91' lang='lat' dir='ltr'>s.</span> <span class='ocrx_word' id='word_1_402' title='bbox 978 1326 1046 1350; x_wconf 90' lang='lat' dir='ltr'>Caes.</span> <span class='ocrx_word' id='word_1_403' title='bbox 1067 1325 1115 1350; x_wconf 90' lang='lat' dir='ltr'>BG.</span> <span class='ocrx_word' id='word_1_404' title='bbox 1135 1327 1158 1355; x_wconf 79' lang='lat'>7,</span> <span class='ocrx_word' id='word_1_405' title='bbox 1177 1327 1217 1355; x_wconf 83' lang='lat'>61,</span> <span class='ocrx_word' id='word_1_406' title='bbox 1236 1326 1262 1354; x_wconf 84' lang='grc'>3;</span> 
     </span>
     <span class='ocr_line' id='line_1_57' title="bbox 756 1359 1263 1393; baseline -0.004 -9"><span class='ocrx_word' id='word_1_407' title='bbox 756 1361 808 1393; x_wconf 79' lang='lat' dir='ltr'>vgl.</span> <span class='ocrx_word' id='word_1_408' title='bbox 828 1368 858 1385; x_wconf 93' lang='lat' dir='ltr'>zu</span> <span class='ocrx_word' id='word_1_409' title='bbox 877 1360 902 1384; x_wconf 88' lang='lat' dir='ltr'>L.</span> <span class='ocrx_word' id='word_1_410' title='bbox 921 1361 961 1390; x_wconf 83' lang='lat'>24,</span> <span class='ocrx_word' id='word_1_411' title='bbox 981 1361 1020 1389; x_wconf 89' lang='lat'>21,</span> <span class='ocrx_word' id='word_1_412' title='bbox 1040 1361 1063 1384; x_wconf 92' lang='lat'>2.</span> <span class='ocrx_word' id='word_1_413' title='bbox 1083 1373 1114 1376; x_wconf 39' lang='grc' dir='ltr'><strong>ψ</strong></span> <span class='ocrx_word' id='word_1_414' title='bbox 1134 1359 1171 1383; x_wconf 83' lang='lat' dir='ltr'>ad</span> <span class='ocrx_word' id='word_1_415' title='bbox 1189 1366 1263 1382; x_wconf 79' lang='lat' dir='ltr'>arma</span> 
     </span>
     <span class='ocr_line' id='line_1_58' title="bbox 756 1392 1264 1424; baseline -0.004 -6"><span class='ocrx_word' id='word_1_416' title='bbox 756 1395 883 1424; x_wconf 72' lang='lat' dir='ltr'>vocantis]</span> <span class='ocrx_word' id='word_1_417' title='bbox 904 1401 924 1418; x_wconf 89' lang='lat' dir='ltr'>s.</span> <span class='ocrx_word' id='word_1_418' title='bbox 943 1395 983 1424; x_wconf 86' lang='lat'>22,</span> <span class='ocrx_word' id='word_1_419' title='bbox 1003 1394 1044 1423; x_wconf 75' lang='lat'>28,</span> <span class='ocrx_word' id='word_1_420' title='bbox 1062 1394 1085 1417; x_wconf 80' lang='lat'>9.</span> <span class='ocrx_word' id='word_1_421' title='bbox 1106 1406 1135 1410; x_wconf 87' lang='lat'>—-</span> <span class='ocrx_word' id='word_1_422' title='bbox 1156 1392 1224 1423; x_wconf 82' lang='lat' dir='ltr'>dari]</span> <span class='ocrx_word' id='word_1_423' title='bbox 1245 1400 1264 1417; x_wconf 88' lang='lat' dir='ltr'>s.</span> 
     </span>
     <span class='ocr_line' id='line_1_59' title="bbox 756 1429 905 1456; baseline 0 -4"><span class='ocrx_word' id='word_1_424' title='bbox 756 1436 786 1452; x_wconf 93' lang='lat' dir='ltr'>zu</span> <span class='ocrx_word' id='word_1_425' title='bbox 809 1429 845 1456; x_wconf 79' lang='lat'>15,</span> <span class='ocrx_word' id='word_1_426' title='bbox 866 1429 905 1452; x_wconf 87' lang='lat'>20.</span> 
     </span>
    </p>

    <p class='ocr_par' dir='ltr' id='par_1_17' title="bbox 756 1459 1265 1628">
     <span class='ocr_line' id='line_1_60' title="bbox 792 1459 1264 1491; baseline -0.008 -4"><span class='ocrx_word' id='word_1_427' title='bbox 792 1463 814 1487; x_wconf 90' lang='lat'>3.</span> <span class='ocrx_word' id='word_1_428' title='bbox 841 1462 922 1491; x_wconf 80' lang='lat' dir='ltr'>cirea]</span> <span class='ocrx_word' id='word_1_429' title='bbox 948 1460 1015 1485; x_wconf 77' lang='lat' dir='ltr'>stelit</span> <span class='ocrx_word' id='word_1_430' title='bbox 1033 1459 1175 1488; x_wconf 75' lang='lat' dir='ltr'>attributiv3</span> <span class='ocrx_word' id='word_1_431' title='bbox 1195 1467 1215 1484; x_wconf 90' lang='lat' dir='ltr'>s.</span> <span class='ocrx_word' id='word_1_432' title='bbox 1233 1467 1264 1483; x_wconf 93' lang='lat' dir='ltr'>zu</span> 
     </span>
     <span class='ocr_line' id='line_1_61' title="bbox 760 1491 1265 1526; baseline -0.008 -5"><span class='ocrx_word' id='word_1_433' title='bbox 760 1497 779 1526; x_wconf 90' lang='lat'>1,</span> <span class='ocrx_word' id='word_1_434' title='bbox 794 1497 830 1526; x_wconf 81' lang='lat'>19,</span> <span class='ocrx_word' id='word_1_435' title='bbox 841 1497 865 1520; x_wconf 85' lang='lat'>2.</span> <span class='ocrx_word' id='word_1_436' title='bbox 883 1509 915 1512; x_wconf 96' lang='lat'><strong>—</strong></span> <span class='ocrx_word' id='word_1_437' title='bbox 934 1492 1085 1525; x_wconf 68' lang='lat' dir='ltr'>emisterent]</span> <span class='ocrx_word' id='word_1_438' title='bbox 1101 1491 1166 1518; x_wconf 83' lang='lat' dir='ltr'>‘sich</span> <span class='ocrx_word' id='word_1_439' title='bbox 1186 1493 1265 1525; x_wconf 71' lang='lat' dir='ltr'>ptotz-</span> 
     </span>
     <span class='ocr_line' id='line_1_62' title="bbox 756 1525 1263 1559; baseline -0.004 -6"><span class='ocrx_word' id='word_1_440' title='bbox 756 1529 806 1554; x_wconf 89' lang='lat' dir='ltr'>licb</span> <span class='ocrx_word' id='word_1_441' title='bbox 831 1528 938 1553; x_wconf 84' lang='lat' dir='ltr'>erlieben</span> <span class='ocrx_word' id='word_1_442' title='bbox 964 1525 1070 1555; x_wconf 83' lang='lat' dir='ltr'>sollten&#39;;</span> <span class='ocrx_word' id='word_1_443' title='bbox 1096 1527 1146 1559; x_wconf 80' lang='lat' dir='ltr'>vgl.</span> <span class='ocrx_word' id='word_1_444' title='bbox 1166 1527 1216 1552; x_wconf 88' lang='lat' dir='ltr'>Cic.</span> <span class='ocrx_word' id='word_1_445' title='bbox 1239 1526 1263 1551; x_wconf 85' lang='lat' dir='ltr'>in</span> 
     </span>
     <span class='ocr_line' id='line_1_63' title="bbox 757 1561 1264 1593; baseline -0.006 -6"><span class='ocrx_word' id='word_1_446' title='bbox 757 1563 827 1587; x_wconf 85' lang='lat' dir='ltr'>Verr.</span> <span class='ocrx_word' id='word_1_447' title='bbox 846 1564 869 1593; x_wconf 83' lang='lat'>4,</span> <span class='ocrx_word' id='word_1_448' title='bbox 893 1563 950 1587; x_wconf 84' lang='lat'>107:</span> <span class='ocrx_word' id='word_1_449' title='bbox 977 1569 1029 1593; x_wconf 81' lang='lat' dir='ltr'>qua</span> <span class='ocrx_word' id='word_1_450' title='bbox 1053 1561 1140 1584; x_wconf 83' lang='lat' dir='ltr'>Ditem</span> <span class='ocrx_word' id='word_1_451' title='bbox 1162 1563 1264 1592; x_wconf 79' lang='lat' dir='ltr'>patrem</span> 
     </span>
     <span class='ocr_line' id='line_1_64' title="bbox 756 1596 1116 1628; baseline -0.011 -7"><span class='ocrx_word' id='word_1_452' title='bbox 756 1596 848 1626; x_wconf 73' lang='lat' dir='ltr'>serunt</span> <span class='ocrx_word' id='word_1_453' title='bbox 866 1598 972 1628; x_wconf 77' lang='lat' dir='ltr'>repenle</span> <span class='ocrx_word' id='word_1_454' title='bbox 991 1596 1116 1619; x_wconf 62' lang='lat' dir='ltr'>ammisse.</span> 
     </span>
    </p>

    <p class='ocr_par' dir='ltr' id='par_1_18' title="bbox 758 1629 1265 1728">
     <span class='ocr_line' id='line_1_65' title="bbox 791 1629 1265 1661; baseline -0.002 -7"><span class='ocrx_word' id='word_1_455' title='bbox 791 1632 814 1655; x_wconf 88' lang='grc'>4.</span> <span class='ocrx_word' id='word_1_456' title='bbox 835 1631 897 1661; x_wconf 82' lang='lat' dir='ltr'>qua]</span> <span class='ocrx_word' id='word_1_457' title='bbox 917 1641 949 1651; x_wconf 84' lang='lat'>=</span> <span class='ocrx_word' id='word_1_458' title='bbox 967 1637 1019 1660; x_wconf 82' lang='lat' dir='ltr'>qua</span> <span class='ocrx_word' id='word_1_459' title='bbox 1038 1629 1097 1657; x_wconf 80' lang='grc' dir='ltr'><em>υι”α;</em></span> <span class='ocrx_word' id='word_1_460' title='bbox 1117 1635 1137 1653; x_wconf 91' lang='lat' dir='ltr'>s.</span> <span class='ocrx_word' id='word_1_461' title='bbox 1149 1635 1179 1652; x_wconf 88' lang='lat' dir='ltr'>zu</span> <span class='ocrx_word' id='word_1_462' title='bbox 1193 1629 1265 1659; x_wconf 82' lang='lat'>1‚2&#39;1‚</span> 
     </span>
     <span class='ocr_line' id='line_1_66' title="bbox 758 1662 1265 1695; baseline -0.006 -7"><span class='ocrx_word' id='word_1_463' title='bbox 758 1665 787 1693; x_wconf 68' lang='grc' dir='ltr'>ὃς</span> <span class='ocrx_word' id='word_1_464' title='bbox 812 1664 862 1695; x_wconf 79' lang='lat' dir='ltr'>vgl.</span> <span class='ocrx_word' id='word_1_465' title='bbox 889 1665 909 1694; x_wconf 80' lang='lat'>1,</span> <span class='ocrx_word' id='word_1_466' title='bbox 929 1664 968 1693; x_wconf 81' lang='lat'>27,</span> <span class='ocrx_word' id='word_1_467' title='bbox 989 1664 1028 1687; x_wconf 85' lang='lat'>11.</span> <span class='ocrx_word' id='word_1_468' title='bbox 1047 1676 1076 1679; x_wconf 97' lang='lat'><strong>—</strong></span> <span class='ocrx_word' id='word_1_469' title='bbox 1097 1662 1183 1693; x_wconf 80' lang='lat' dir='ltr'>nocte]</span> <span class='ocrx_word' id='word_1_470' title='bbox 1203 1669 1222 1686; x_wconf 89' lang='lat' dir='ltr'>s.</span> <span class='ocrx_word' id='word_1_471' title='bbox 1245 1663 1265 1692; x_wconf 83' lang='grc'>1,</span> 
     </span>
     <span class='ocr_line' id='line_1_67' title="bbox 758 1699 840 1728; baseline -0.024 -5"><span class='ocrx_word' id='word_1_472' title='bbox 758 1699 799 1728; x_wconf 85' lang='lat'>51,</span> <span class='ocrx_word' id='word_1_473' title='bbox 818 1699 840 1722; x_wconf 88' lang='lat'>3.</span> 
     </span>
    </p>

    <p class='ocr_par' dir='ltr' id='par_1_19' title="bbox 759 1728 1266 1931">
     <span class='ocr_line' id='line_1_68' title="bbox 794 1728 1265 1760; baseline -0.006 -5"><span class='ocrx_word' id='word_1_474' title='bbox 794 1734 816 1756; x_wconf 81' lang='lat'>5.</span> <span class='ocrx_word' id='word_1_475' title='bbox 834 1737 884 1754; x_wconf 80' lang='lat' dir='ltr'>sua</span> <span class='ocrx_word' id='word_1_476' title='bbox 897 1729 962 1759; x_wconf 83' lang='lat' dir='ltr'>ulla]</span> <span class='ocrx_word' id='word_1_477' title='bbox 976 1728 1064 1759; x_wconf 83' lang='lat' dir='ltr'>(nicht)</span> <span class='ocrx_word' id='word_1_478' title='bbox 1078 1728 1133 1753; x_wconf 83' lang='lat' dir='ltr'>dass</span> <span class='ocrx_word' id='word_1_479' title='bbox 1144 1736 1169 1753; x_wconf 88' lang='lat' dir='ltr'>er</span> <span class='ocrx_word' id='word_1_480' title='bbox 1179 1728 1265 1760; x_wconf 85' lang='lat' dir='ltr'>irgend</span> 
     </span>
     <span class='ocr_line' id='line_1_69' title="bbox 759 1760 1266 1796; baseline -0.006 -7"><span class='ocrx_word' id='word_1_481' title='bbox 759 1765 830 1789; x_wconf 86' lang='lat' dir='ltr'>eine.</span> <span class='ocrx_word' id='word_1_482' title='bbox 844 1783 849 1789; x_wconf 96' lang='lat'>.</span> <span class='ocrx_word' id='word_1_483' title='bbox 861 1763 954 1796; x_wconf 83' lang='lat' dir='ltr'>gehabt</span> <span class='ocrx_word' id='word_1_484' title='bbox 973 1762 1052 1794; x_wconf 66' lang='lat' dir='ltr'>hatte,</span> <span class='ocrx_word' id='word_1_485' title='bbox 1068 1760 1159 1786; x_wconf 82' lang='lat' dir='ltr'>‘durch</span> <span class='ocrx_word' id='word_1_486' title='bbox 1177 1761 1266 1794; x_wconf 80' lang='lat' dir='ltr'>irgend</span> 
     </span>
     <span class='ocr_line' id='line_1_70' title="bbox 759 1794 1264 1828; baseline -0.008 -5"><span class='ocrx_word' id='word_1_487' title='bbox 759 1799 814 1823; x_wconf 89' lang='lat' dir='ltr'>eine</span> <span class='ocrx_word' id='word_1_488' title='bbox 826 1817 831 1823; x_wconf 97' lang='lat'>.</span> <span class='ocrx_word' id='word_1_489' title='bbox 843 1817 847 1822; x_wconf 94' lang='lat'>.</span> <span class='ocrx_word' id='word_1_490' title='bbox 859 1805 908 1821; x_wconf 84' lang='lat' dir='ltr'>von</span> <span class='ocrx_word' id='word_1_491' title='bbox 922 1796 1003 1821; x_wconf 85' lang='lat' dir='ltr'>seiner</span> <span class='ocrx_word' id='word_1_492' title='bbox 1016 1794 1101 1821; x_wconf 77' lang='lat' dir='ltr'>Seite‘.</span> <span class='ocrx_word' id='word_1_493' title='bbox 1112 1810 1143 1813; x_wconf 90' lang='lat'>—</span> <span class='ocrx_word' id='word_1_494' title='bbox 1158 1795 1264 1828; x_wconf 72' lang='lat' dir='ltr'>impetu]</span> 
     </span>
     <span class='ocr_line' id='line_1_71' title="bbox 759 1829 1264 1864; baseline -0.006 -8"><span class='ocrx_word' id='word_1_495' title='bbox 759 1832 809 1864; x_wconf 81' lang='lat' dir='ltr'>vgl.</span> <span class='ocrx_word' id='word_1_496' title='bbox 823 1832 963 1861; x_wconf 79' lang='lat'>22,50‚1·2.</span> <span class='ocrx_word' id='word_1_497' title='bbox 984 1845 1015 1847; x_wconf 97' lang='lat'><strong>—</strong></span> <span class='ocrx_word' id='word_1_498' title='bbox 1035 1837 1084 1861; x_wconf 84' lang='lat' dir='ltr'>quo</span> <span class='ocrx_word' id='word_1_499' title='bbox 1105 1829 1170 1861; x_wconf 82' lang='lat' dir='ltr'>loco]</span> <span class='ocrx_word' id='word_1_500' title='bbox 1191 1829 1264 1854; x_wconf 66' lang='lat' dir='ltr'>niiml.</span> 
     </span>
     <span class='ocr_line' id='line_1_72' title="bbox 760 1863 1265 1892; baseline -0.006 -2"><span class='ocrx_word' id='word_1_501' title='bbox 760 1867 913 1892; x_wconf 72' lang='lat' dir='ltr'>consistere:</span> <span class='ocrx_word' id='word_1_502' title='bbox 932 1864 985 1888; x_wconf 89' lang='lat' dir='ltr'>also</span> <span class='ocrx_word' id='word_1_503' title='bbox 1004 1863 1072 1888; x_wconf 87' lang='lat' dir='ltr'>nicht</span> <span class='ocrx_word' id='word_1_504' title='bbox 1091 1863 1115 1888; x_wconf 91' lang='lat' dir='ltr'>in</span> <span class='ocrx_word' id='word_1_505' title='bbox 1134 1863 1203 1888; x_wconf 84' lang='lat' dir='ltr'>ihren</span> <span class='ocrx_word' id='word_1_506' title='bbox 1214 1863 1265 1887; x_wconf 86' lang='lat' dir='ltr'>Ma-</span> 
     </span>
     <span class='ocr_line' id='line_1_73' title="bbox 760 1897 1264 1931; baseline -0.006 -7"><span class='ocrx_word' id='word_1_507' title='bbox 760 1899 844 1931; x_wconf 89' lang='lat' dir='ltr'>nipeln</span> <span class='ocrx_word' id='word_1_508' title='bbox 872 1897 922 1923; x_wconf 89' lang='lat' dir='ltr'>und</span> <span class='ocrx_word' id='word_1_509' title='bbox 950 1897 994 1922; x_wconf 86' lang='lat' dir='ltr'>auf</span> <span class='ocrx_word' id='word_1_510' title='bbox 1015 1897 1063 1921; x_wconf 89' lang='lat' dir='ltr'>den</span> <span class='ocrx_word' id='word_1_511' title='bbox 1091 1897 1165 1922; x_wconf 89' lang='lat' dir='ltr'>ibnen</span> <span class='ocrx_word' id='word_1_512' title='bbox 1191 1904 1264 1929; x_wconf 85' lang='lat' dir='ltr'>ange-</span> 
     </span>
    </p>
   </div>
   <div class='ocr_carea' id='block_1_7' title="bbox 1318 1201 1326 1911">
    <p class='ocr_par' dir='ltr' id='par_1_20' title="bbox 1318 1201 1326 1911">
     <span class='ocr_line' id='line_1_74' title="bbox 1318 1201 1326 1911; baseline 0 0"><span class='ocrx_word' id='word_1_513' title='bbox 1318 1201 1326 1911; x_wconf 95' lang='lat' dir='ltr'> </span> 
     </span>
    </p>
   </div>
   <div class='ocr_carea' id='block_1_8' title="bbox 1295 0 1332 2008">
    <p class='ocr_par' dir='ltr' id='par_1_21' title="bbox 1295 0 1332 2008">
     <span class='ocr_line' id='line_1_75' title="bbox 1295 0 1332 2008; baseline 0 0"><span class='ocrx_word' id='word_1_514' title='bbox 1295 0 1332 2008; x_wconf 95' lang='lat' dir='ltr'> </span> 
     </span>
    </p>
   </div>
  </div>
 </body>
</html>
