1332 2150
213 95 253 125 66
560 98 651 123 LIBER
669 98 763 123 XXllll.
799 98 869 124 CAP.
888 100 928 124 28.

1149 114 1167 128 a.
1176 114 1196 127 u.
1205 114 1221 128 c.
1231 109 1275 129 540.

181 189 196 212 2
212 182 290 212 buit:
308 192 362 212 nec
378 192 459 222 spem
472 183 572 213 salutis
586 192 640 213 nec
656 183 814 222 perniciem
831 184 998 222 propiorem
1015 193 1152 222 umquam
1169 184 1275 214 civitati

181 230 195 254 3
214 225 265 255 ulli
282 225 382 254 ruisse.
420 225 443 254 si
466 226 543 255 enim
566 235 625 255 uno
649 226 744 254 animo
769 235 869 254 omnes
893 226 935 255 vel
958 226 991 255 ad
1013 226 1159 255 Romanos
1181 226 1224 256 vel
1240 227 1274 256 ad

213 267 465 305 Carthaginienses
481 268 639 304 inclinent,
665 267 773 297 nullius
790 267 912 298 civitatis
933 272 1039 297 statum
1051 269 1274 298 fortunatiorem

182 315 196 338 4
213 319 245 339 ac
261 309 419 339 beatiorem
435 310 513 346 sore;
533 310 556 339 si
573 310 620 339 alii
636 309 693 339 alio
709 310 825 339 trahant
841 319 898 346 res,
915 320 974 340 non
992 311 1068 340 inter
1084 311 1199 340 Poenos
1215 310 1274 340 Ro-

212 361 373 390 manosque
395 351 503 381 bellum
527 352 654 381 atrocius
678 352 740 381 fore
763 361 849 390 quam
872 352 946 382 inter
970 353 1050 391 ipsos
1067 353 1274 391 Syracusanos,

211 403 277 423 cum
290 394 366 423 intra
391 395 506 424 eosdem
524 404 625 423 muros
641 403 707 432 pars
724 398 847 432 utraque
863 404 931 424 suos
948 395 1101 430 exercitus,
1119 404 1168 424 sua
1185 404 1273 431 arma,

181 442 195 465 5
211 445 279 465 suos
295 436 426 466 habitura
443 437 480 466 sit
496 436 594 466 duces.
625 437 722 474 itaque
738 440 769 466 ut
786 437 859 466 idem
877 446 978 466 omnes
995 438 1137 473 sentiant,
1162 446 1274 466 summa

210 478 236 507 vi
252 478 396 516 agendum
410 488 483 508 esse.
515 483 579 507 utra
595 478 718 508 societas
731 478 768 508 sit
784 479 891 515 utilior,
909 488 969 508 eam
982 480 1069 517 longe
1086 479 1228 508 minorem
1241 488 1274 509 ac

180 526 194 550 6
210 520 326 550 levioris
343 521 483 550 momenti
501 521 744 550 consultationem
762 530 837 556 esse;
855 522 905 550 sed
918 526 1013 550 tamen
1028 521 1164 550 Hieronis
1177 521 1274 560 potius

210 572 296 601 quam
315 562 483 601 Hieronymi
501 563 700 592 auctoritatem
717 563 894 601 sequendam
912 564 941 592 in
958 563 1044 593 sociis
1067 563 1207 601 legendis,
1230 564 1274 593 vel

210 604 422 643 quinquaginta
435 605 520 634 annis
537 605 659 634 feliciter
675 610 822 644 expertam
835 605 988 634 amicitiam
1002 615 1082 635 nunc
1098 605 1273 643 incognitae,

179 653 191 676 7
209 647 355 685 quondam
373 647 481 676 infideli
506 647 735 685 praeferendam.
768 657 831 677 esse
854 648 937 676 etiam
960 648 1101 677 momenti
1115 647 1222 686 aliquid
1238 648 1274 677 ad

210 689 379 724 consilium,
397 690 475 727 quod
494 688 780 727 Carthaginiensibus
797 690 834 719 ita
852 699 905 728 pax
923 690 1021 727 negari
1039 690 1147 728 possit,
1166 694 1196 718 ut
1213 699 1272 719 nou

209 732 310 769 utique
327 731 356 760 in
374 731 538 770 praesentia
560 732 668 761 bellum
686 741 751 761 cum
769 732 810 761 eis
831 736 962 769 geratur:
988 741 1053 761 cum
1071 732 1208 761 Romanis
1225 741 1273 761 ex-

178 779 192 803 8
208 774 317 812 templo
334 778 382 802 aut
398 783 498 811 pacem
515 778 564 803 aut
581 773 688 802 bellum
711 773 886 803 habendum.
920 784 977 812 quo
994 774 1092 803 minus
1108 774 1274 812 cupiditatis

208 824 242 844 ac
258 815 345 844 studii
362 815 419 844 visa
436 820 479 844 est
496 816 588 845 oratio
606 815 728 851 habere,
754 825 787 845 eo
805 816 871 854 plns
886 816 1065 845 auctoritatis
1082 816 1191 845 habuit.
1222 816 1270 845 ad-

208 858 316 887 iectum
333 863 376 887 est
392 858 576 896 praetoribus
593 867 625 887 ac
641 858 759 887 delectis
776 863 943 887 senatorum
961 858 1084 887 militare
1101 858 1186 887 etiam
1203 867 1273 887 con-

768 940 842 964 rakus
862 948 987 971 gewesen.

802 976 823 998 7.
833 974 868 998 ad
877 973 1026 1007 consilium]
1037 982 1063 999 es
1074 974 1109 998 sei
1122 974 1159 998 fiir
1167 973 1207 998 die
1214 974 1273 998 Ent-

766 1007 905 1039 scheidung
924 1016 973 1032 von
994 1007 1170 1039 Wichtigkeit,
1189 1008 1272 1032 konne

208 940 313 964 braucht
323 940 357 971 L„
371 941 419 965 wie
431 941 524 971 Cicero,
544 941 583 965 bei
594 949 662 965 unus
673 948 716 972 ge-

206 973 334 998 wfihnlich
354 982 400 1005 ἕως
419 982 438 999 s.
459 976 481 1003 7,
494 976 517 1000 4.
537 976 577 1005 22,
593 977 611 999 1.
633 976 672 1005 27,
687 976 713 1007 ¹3

207 1009 251 1037 25,
272 1009 301 1037 6,
322 1009 342 1031 1.
362 1009 401 1037 23,
423 1009 459 1033 11.
480 1010 520 1039 25,
540 1010 562 1032 3.
582 1010 622 1039 30,
641 1010 662 1033 2.
682 1021 714 1026 —-

206 1043 243 1072 ul]
269 1041 456 1066 beschr'ankend
482 1053 514 1062 =
539 1038 611 1066 ‘nacti
637 1042 713 1067 Mass-

206 1072 286 1107 gabe'3
307 1078 379 1099 untes
398 1075 506 1100 anderen
523 1075 713 1100 Verhfiltnissen

205 1108 292 1133 wiirde
306 1116 331 1133 er
345 1109 397 1133 sich
412 1109 601 1134 entschiedener
620 1110 657 1134 fiir
674 1109 713 1134 die

206 1142 296 1167 Riimer
315 1142 408 1166 erklart
427 1143 516 1168 haben.

239 1178 261 1201 3.
271 1176 478 1205 fortunatiorem
490 1185 521 1200 ae
532 1178 674 1200 bealz'orem
683 1196 689 1202 .
698 1179 713 1207 .]

204 1209 257 1241 vgl.
272 1211 311 1239 34,
330 1212 352 1240 5,
366 1212 392 1234 5:
412 1212 523 1240 florente
542 1218 572 1234 ac
591 1211 666 1234 beuta
685 1219 714 1235 re

204 1244 320 1275 publica.

239 1279 261 1302 4,
281 1277 314 1308 si]
334 1285 355 1302 s.
375 1278 414 1307 33,
433 1279 459 1305 ὃς
479 1277 529 1309 vgl.
549 1285 579 1301 zu
599 1279 622 1307 3,
636 1279 675 1307 67,
690 1280 712 1302 5.

203 1325 236 1329 -
256 1312 374 1340 trahant]
394 1318 412 1335 s.
433 1311 456 1341 2,
468 1312 490 1336 S.
504 1324 534 1328 —
556 1310 619 1343 alio]
633 1324 665 1332 =
679 1311 714 1335 ad

205 1345 284 1373 alios;
310 1344 361 1376 vgl.
386 1346 408 1375 2,
432 1346 453 1369 S.
478 1359 511 1362 —
535 1347 667 1369 ewen-ilus
686 1363 691 1369 .
706 1365 711 1370 .

205 1386 280 1402 arma
296 1397 301 1402 .
312 1397 318 1403 .
334 1378 421 1408 duces]
441 1378 631 1410 Amplifikation
657 1379 711 1403 des-

203 1412 288 1436 selben
310 1411 444 1443 Begriffes,
465 1412 516 1443 vgl.
536 1414 558 1442 2,
577 1414 618 1443 44,
638 1414 660 1437 9.

238 1446 354 1477 ἱράν-α]
374 1445 534 1470 erklarendes
548 1446 710 1478 Asyndeton3

203 1479 244 1504 die
264 1479 508 1511 Ubereinstimmung
528 1479 575 1503 soll
594 1479 646 1504 sich
666 1488 709 1511 ge-

202 1513 261 1537 rade
286 1513 323 1537 bei
347 1512 391 1537 der
410 1512 483 1537 Wahl
502 1513 545 1537 der
565 1513 709 1545 Bundesge-

203 1554 294 1571 nossen
314 1547 410 1578 zeigen.
424 1561 457 1564 —-
476 1554 532 1570 eam
542 1566 547 1571 .
560 1565 566 1571 ,
578 1548 708 1571 consulta-

204 1581 309 1610 tionem]
328 1593 361 1602 =
380 1581 410 1604 de
435 1588 464 1604 ea
489 1588 518 1604 re
534 1599 539 1604 .
552 1600 557 1604 .
575 1581 708 1605 consulta-

203 1616 313 1643 tionem;
333 1614 384 1646 vgl.
398 1615 421 1644 2,
432 1616 459 1642 ὃς
479 1614 518 1638 ein
538 1613 651 1646 hiiufiger
663 1614 708 1639 Ge-

203 1648 295 1672 brauch
315 1648 358 1672 des
377 1648 540 1673 Pronomens.

237 1684 259 1707 6.
279 1682 325 1705 sed
343 1682 436 1712 tamen]
463 1681 578 1713 obgleich
603 1682 647 1705 aus
669 1681 708 1706 die

201 1715 275 1739 Wahl
288 1715 355 1739 nicht
367 1723 395 1740 so
409 1715 457 1739 viel
471 1715 611 1745 ankomme,
630 1723 657 1740 so
672 1716 708 1740 sei

202 1749 266 1774 doch
278 1768 283 1773 .
295 1769 300 1774 .
318 1763 345 1766 -
366 1749 416 1779 vel]
432 1747 503 1773 ‘oder
521 1746 659 1779 vielmehr'‚
678 1749 708 1773 da

202 1783 241 1808 die
252 1783 392 1807 Thatsache
412 1783 481 1807 mehr
493 1783 539 1814 gilt
556 1783 593 1807 als
603 1783 643 1806 die
653 1791 708 1815 per-

202 1816 314 1841 sonliche
338 1817 443 1841 Ansicht
461 1816 555 1841 Hieros.
575 1831 608 1834 —
627 1825 709 1847 quon-

203 1851 271 1880 dam]
292 1853 364 1875 unter
376 1850 447 1880 Gelo,
466 1850 600 1882 Dionysius
616 1850 640 1875 ΙΙ,
656 1850 707 1874 und

201 1884 225 1908 in
245 1884 292 1908 den
313 1887 395 1909 ersten
411 1884 502 1908 Jahren
516 1884 603 1908 Hieros
623 1892 706 1908 waren

200 1917 240 1942 die
259 1917 396 1949 Karthager
413 1917 572 1943 Verbiindete
591 1926 639 1942 von
659 1917 707 1950 Sy-

766 1041 813 1065 den
826 1042 966 1073 Ausscliiag
980 1042 1071 1073 geben;
1086 1041 1273 1072 gewohnlicher

766 1075 811 1098 mit
820 1075 997 1107 Hinzusiigung
1007 1075 1076 1100 eines
1086 1075 1238 1103 Gerundivs,
1252 1082 1272 1100 s.

766 1110 806 1139 21,
816 1111 839 1137 4,
851 1110 877 1137 2;
890 1111 929 1138 35,
943 1110 982 1139 25,
994 1110 1021 1137 Ως
1034 1110 1074 1139 42,
1085 1110 1160 1139 45,S:
1174 1110 1271 1140 legatio
1287 1108 1293 1113 '

766 1150 893 1173 magnum
903 1143 938 1166 ad
948 1143 1128 1166 conciliandos
1139 1144 1240 1166 animos
1251 1162 1256 1167 .
1266 1160 1272 1166 .

766 1179 923 1200 momentum
933 1176 994 1204 fuit.
1011 1179 1169 1203 momentum
1179 1178 1271 1207 (movi-

765 1213 889 1240 mentum)
908 1210 940 1234 ist
959 1210 1151 1241 hergenommen
1166 1218 1215 1234 von
1229 1209 1272 1234 der

765 1243 856 1275 Wage,
882 1243 957 1268 deren
983 1244 1104 1275 Ztinglein
1126 1244 1180 1268 sich
1208 1243 1271 1268 nach

765 1276 808 1301 der
826 1277 897 1301 einen
917 1277 977 1302 oder
995 1278 1103 1302 anderen
1117 1276 1184 1302 Seite
1203 1277 1272 1309 neigt

765 1310 814 1334 und
835 1311 944 1336 dadurch
963 1311 1010 1335 den
1031 1311 1172 1342 Ausschlag
1190 1311 1271 1343 giebt3

764 1344 868 1374 vgl.27‚
887 1346 949 1375 9,1;
969 1353 998 1369 zu
1018 1346 1058 1375 25,
1074 1347 1111 1375 18,
1125 1346 1148 1369 3.
1166 1359 1198 1362 —
1217 1351 1270 1368 non

764 1380 862 1409 ulique]
877 1378 945 1402 nicht
963 1379 987 1403 in
1002 1379 1087 1409 jedem
1100 1378 1175 1409 Falle,
1190 1377 1270 1402 ‘nicht

763 1410 925 1444 notwendig',
937 1412 987 1443 vgl.
997 1414 1020 1444 9,
1032 1414 1069 1443 16,
1081 1413 1120 1438 16:
1131 1414 1267 1443 uentique.

796 1447 819 1470 S.
840 1446 994 1477 cupiditatis
1013 1454 1044 1470 ac
1063 1446 1154 1475 studii]
1166 1442 1269 1470 ‘partei-

762 1476 944 1509 leidenschast’,
968 1480 998 1504 da
1024 1487 1051 1504 er
1073 1479 1125 1503 sich
1148 1487 1193 1504 nur
1212 1479 1269 1504 sehr

762 1513 821 1537 niild
841 1513 880 1537 fiir
898 1513 938 1537 die
958 1513 1047 1538 Romer
1066 1513 1268 1544 ausgesprochen

762 1546 838 1571 hatte.
857 1561 890 1565 ——
909 1547 1039 1570 adiectum
1053 1565 1058 1571 .
1070 1548 1085 1576 .]
1105 1547 1182 1571 durch
1203 1555 1231 1570 oo
1242 1565 1248 1571 .
1260 1565 1267 1571 .

762 1582 857 1604 habuit
874 1581 906 1605 ist
925 1580 964 1604 die
978 1580 1106 1604 Annalime
1125 1581 1207 1605 seines
1218 1580 1268 1604 An-

762 1617 845 1645 trages
869 1614 1027 1643 bezeiclinet;
1056 1614 1111 1639 dass
1133 1611 1265 1646 ‘segleich’

761 1648 804 1673 das
815 1647 940 1680 Folgende
959 1647 1097 1679 geschieht,
1117 1647 1178 1672 wird
1190 1647 1267 1672 durch

761 1682 805 1706 das
824 1681 970 1714 Asyndeton
991 1681 1150 1713 angedeutet.
1171 1696 1203 1700 —-
1223 1681 1266 1705 de-

761 1716 833 1739 lectis
851 1717 1011 1745 senatorum]
1031 1716 1069 1739 ein
1090 1723 1193 1747 engerer
1206 1715 1264 1743 Rat;

761 1749 810 1781 vgl.
820 1750 893 1777 24,4;
907 1749 1033 1772 consullis
1045 1749 1200 1773 senioribus.
1220 1748 1264 1773 Die

760 1783 935 1814 Hinzust'igung
959 1782 1027 1806 eines
1051 1783 1184 1814 partitiven
1205 1782 1265 1807 Gen.

759 1824 788 1840 zu
808 1816 887 1840 einem
900 1816 964 1841 Part.
984 1816 1061 1840 findet
1080 1816 1133 1840 sich
1152 1816 1176 1840 in
1188 1816 1265 1840 Prosa

759 1852 842 1875 zuerst
861 1850 899 1874 bei
911 1850 971 1880 Liv„
991 1850 1054 1874 doeh
1074 1850 1137 1874 auch
1156 1850 1194 1874 bei
1214 1850 1264 1874 ihm

759 1891 804 1908 nur
823 1883 916 1911 seltem
936 1891 956 1909 z.
974 1883 1000 1907 Β.
1020 1884 1060 1913 26,
1080 1885 1102 1913 5,
1124 1886 1150 1911 3;
1170 1884 1221 1916 vgl.
1241 1885 1264 1914 2,

763 1919 799 1947 15,
811 1919 835 1945 2;
856 1919 894 1947 34,
907 1919 945 1947 27,
960 1918 982 1942 2.
996 1932 1027 1935 —-
1041 1918 1157 1941 militare
1169 1937 1174 1942 .
1185 1936 1190 1941 .
1203 1925 1263 1942 con-
