<?xml version="1.0" encoding="UTF-8"?>
<!DOCTYPE html PUBLIC "-//W3C//DTD XHTML 1.0 Transitional//EN"
    "http://www.w3.org/TR/xhtml1/DTD/xhtml1-transitional.dtd">
<html xmlns="http://www.w3.org/1999/xhtml" xml:lang="en" lang="en">
 <head>
  <title>
</title>
<meta http-equiv="Content-Type" content="text/html;charset=utf-8" />
  <meta name='ocr-system' content='tesseract 3.04.00' />
  <meta name='ocr-capabilities' content='ocr_page ocr_carea ocr_par ocr_line ocrx_word'/>
</head>
<body>
  <div class='ocr_page' id='page_1' title='image "./aburbeconditalib05livyuoft_0249.png"; bbox 0 0 1332 2150; ppageno 0'>
   <div class='ocr_carea' id='block_1_1' title="bbox 0 0 188 626">
    <p class='ocr_par' dir='ltr' id='par_1_1' title="bbox 0 0 188 626">
     <span class='ocr_line' id='line_1_1' title="bbox 0 0 188 626; baseline 0.213 -42"><span class='ocrx_word' id='word_1_1' title='bbox 0 0 188 626; x_wconf 95' lang='lat' dir='ltr'>  </span> 
     </span>
    </p>
   </div>
   <div class='ocr_carea' id='block_1_2' title="bbox 467 355 715 423">
    <p class='ocr_par' dir='ltr' id='par_1_2' title="bbox 467 355 715 423">
     <span class='ocr_line' id='line_1_2' title="bbox 467 355 715 423; baseline -0.004 0"><span class='ocrx_word' id='word_1_2' title='bbox 467 355 590 423; x_wconf 73' lang='lat' dir='ltr'>&#39;Tm</span> <span class='ocrx_word' id='word_1_3' title='bbox 617 381 715 422; x_wconf 76' lang='lat' dir='ltr'>mvl</span> 
     </span>
    </p>
   </div>
   <div class='ocr_carea' id='block_1_3' title="bbox 393 458 815 551">
    <p class='ocr_par' dir='ltr' id='par_1_3' title="bbox 393 458 815 551">
     <span class='ocr_line' id='line_1_3' title="bbox 393 458 815 491; baseline -0.005 -2"><span class='ocrx_word' id='word_1_4' title='bbox 393 460 445 489; x_wconf 77' lang='lat' dir='ltr'>AB</span> <span class='ocrx_word' id='word_1_5' title='bbox 471 460 590 491; x_wconf 85' lang='lat' dir='ltr'>URBE</span> <span class='ocrx_word' id='word_1_6' title='bbox 615 458 815 489; x_wconf 73' lang='lat' dir='ltr'>CONDITA</span> 
     </span>
     <span class='ocr_line' id='line_1_4' title="bbox 492 525 716 551; baseline -0.004 0"><span class='ocrx_word' id='word_1_7' title='bbox 492 525 610 551; x_wconf 81' lang='lat' dir='ltr'>LIBER</span> <span class='ocrx_word' id='word_1_8' title='bbox 629 525 716 550; x_wconf 77' lang='lat' dir='ltr'>XXVI.</span> 
     </span>
    </p>
   </div>
   <div class='ocr_carea' id='block_1_4' title="bbox 153 602 1175 643">
    <p class='ocr_par' dir='ltr' id='par_1_4' title="bbox 153 602 1175 643">
     <span class='ocr_line' id='line_1_5' title="bbox 153 602 1175 643; baseline -0.003 -9"><span class='ocrx_word' id='word_1_9' title='bbox 153 604 205 634; x_wconf 86' lang='lat' dir='ltr'>Cu.</span> <span class='ocrx_word' id='word_1_10' title='bbox 218 603 336 633; x_wconf 81' lang='lat' dir='ltr'>Fulvius</span> <span class='ocrx_word' id='word_1_11' title='bbox 349 603 528 633; x_wconf 79' lang='lat' dir='ltr'>Centimalus</span> <span class='ocrx_word' id='word_1_12' title='bbox 543 604 574 633; x_wconf 83' lang='lat' dir='ltr'>P.</span> <span class='ocrx_word' id='word_1_13' title='bbox 588 603 735 643; x_wconf 77' lang='lat' dir='ltr'>Sulpicius</span> <span class='ocrx_word' id='word_1_14' title='bbox 749 602 837 632; x_wconf 82' lang='lat' dir='ltr'>Galba</span> <span class='ocrx_word' id='word_1_15' title='bbox 854 602 990 632; x_wconf 85' lang='lat' dir='ltr'>consules</span> <span class='ocrx_word' id='word_1_16' title='bbox 1005 611 1071 632; x_wconf 87' lang='lat' dir='ltr'>cum</span> <span class='ocrx_word' id='word_1_17' title='bbox 1088 602 1141 631; x_wconf 90' lang='lat' dir='ltr'>idi·</span> <span class='ocrx_word' id='word_1_18' title='bbox 1160 607 1175 632; x_wconf 92' lang='lat'><em>1</em></span> 
     </span>
    </p>
   </div>
   <div class='ocr_carea' id='block_1_5' title="bbox 63 645 1174 1153">
    <p class='ocr_par' dir='ltr' id='par_1_5' title="bbox 63 645 1174 1153">
     <span class='ocr_line' id='line_1_6' title="bbox 67 645 1144 685; baseline -0.003 -9"><span class='ocrx_word' id='word_1_19' title='bbox 67 646 123 676; x_wconf 89' lang='lat' dir='ltr'>bus</span> <span class='ocrx_word' id='word_1_20' title='bbox 139 646 248 676; x_wconf 87' lang='lat' dir='ltr'>Martiis</span> <span class='ocrx_word' id='word_1_21' title='bbox 264 647 463 685; x_wconf 78' lang='lat' dir='ltr'>magistratum</span> <span class='ocrx_word' id='word_1_22' title='bbox 479 647 618 682; x_wconf 81' lang='lat' dir='ltr'>inissent,</span> <span class='ocrx_word' id='word_1_23' title='bbox 635 652 736 676; x_wconf 85' lang='lat' dir='ltr'>senatu</span> <span class='ocrx_word' id='word_1_24' title='bbox 753 646 782 675; x_wconf 93' lang='lat' dir='ltr'>in</span> <span class='ocrx_word' id='word_1_25' title='bbox 800 645 974 684; x_wconf 73' lang='lat' dir='ltr'>Capitolium</span> <span class='ocrx_word' id='word_1_26' title='bbox 991 650 1092 674; x_wconf 83' lang='lat' dir='ltr'>vocato</span> <span class='ocrx_word' id='word_1_27' title='bbox 1108 645 1144 674; x_wconf 86' lang='lat' dir='ltr'>de</span> 
     </span>
     <span class='ocr_line' id='line_1_7' title="bbox 67 688 1144 729; baseline -0.002 -11"><span class='ocrx_word' id='word_1_28' title='bbox 67 699 99 719; x_wconf 88' lang='lat' dir='ltr'>rc</span> <span class='ocrx_word' id='word_1_29' title='bbox 116 689 240 729; x_wconf 83' lang='lat' dir='ltr'>publiea,</span> <span class='ocrx_word' id='word_1_30' title='bbox 258 689 292 718; x_wconf 84' lang='lat' dir='ltr'>de</span> <span class='ocrx_word' id='word_1_31' title='bbox 308 689 557 719; x_wconf 75' lang='lat' dir='ltr'>administratione</span> <span class='ocrx_word' id='word_1_32' title='bbox 573 689 658 725; x_wconf 80' lang='lat' dir='ltr'>belli,</span> <span class='ocrx_word' id='word_1_33' title='bbox 682 689 717 718; x_wconf 77' lang='lat' dir='ltr'>de</span> <span class='ocrx_word' id='word_1_34' title='bbox 734 688 893 727; x_wconf 80' lang='lat' dir='ltr'>provinciis</span> <span class='ocrx_word' id='word_1_35' title='bbox 910 688 1144 727; x_wconf 76' lang='lat' dir='ltr'>exercitibusque</span> 
     </span>
     <span class='ocr_line' id='line_1_8' title="bbox 67 729 1174 771; baseline -0.002 -10"><span class='ocrx_word' id='word_1_36' title='bbox 67 736 164 771; x_wconf 84' lang='lat' dir='ltr'>patres</span> <span class='ocrx_word' id='word_1_37' title='bbox 175 731 395 761; x_wconf 82' lang='lat' dir='ltr'>consuluerunt.</span> <span class='ocrx_word' id='word_1_38' title='bbox 427 731 460 766; x_wconf 90' lang='lat' dir='ltr'>Q.</span> <span class='ocrx_word' id='word_1_39' title='bbox 474 732 574 761; x_wconf 82' lang='lat' dir='ltr'>Fulvio</span> <span class='ocrx_word' id='word_1_40' title='bbox 588 733 640 770; x_wconf 74' lang='lat' dir='ltr'>Ap.</span> <span class='ocrx_word' id='word_1_41' title='bbox 659 731 789 767; x_wconf 85' lang='lat' dir='ltr'>Claudio,</span> <span class='ocrx_word' id='word_1_42' title='bbox 807 731 912 770; x_wconf 86' lang='lat' dir='ltr'>prioris</span> <span class='ocrx_word' id='word_1_43' title='bbox 929 730 998 760; x_wconf 81' lang='lat' dir='ltr'>anni</span> <span class='ocrx_word' id='word_1_44' title='bbox 1015 729 1145 760; x_wconf 89' lang='lat' dir='ltr'>consuli·</span> <span class='ocrx_word' id='word_1_45' title='bbox 1160 735 1174 760; x_wconf 81' lang='lat'><strong>2</strong></span> 
     </span>
     <span class='ocr_line' id='line_1_9' title="bbox 67 772 1144 813; baseline -0.001 -10"><span class='ocrx_word' id='word_1_46' title='bbox 67 774 139 810; x_wconf 85' lang='lat' dir='ltr'>bus,</span> <span class='ocrx_word' id='word_1_47' title='bbox 162 778 347 813; x_wconf 83' lang='lat' dir='ltr'>prorogatum</span> <span class='ocrx_word' id='word_1_48' title='bbox 366 775 520 813; x_wconf 75' lang='lat' dir='ltr'>imperium</span> <span class='ocrx_word' id='word_1_49' title='bbox 539 780 582 804; x_wconf 85' lang='lat' dir='ltr'>est.</span> <span class='ocrx_word' id='word_1_50' title='bbox 602 779 689 813; x_wconf 85' lang='lat' dir='ltr'>atque</span> <span class='ocrx_word' id='word_1_51' title='bbox 711 773 871 809; x_wconf 85' lang='lat' dir='ltr'>exereitus,</span> <span class='ocrx_word' id='word_1_52' title='bbox 894 782 967 812; x_wconf 89' lang='lat' dir='ltr'>quos</span> <span class='ocrx_word' id='word_1_53' title='bbox 988 772 1144 808; x_wconf 84' lang='lat' dir='ltr'>habebant,</span> 
     </span>
     <span class='ocr_line' id='line_1_10' title="bbox 67 815 1144 856; baseline -0.002 -10"><span class='ocrx_word' id='word_1_54' title='bbox 67 816 175 846; x_wconf 81' lang='lat' dir='ltr'>decreti</span> <span class='ocrx_word' id='word_1_55' title='bbox 198 817 416 855; x_wconf 78' lang='lat' dir='ltr'>adiectumque,</span> <span class='ocrx_word' id='word_1_56' title='bbox 434 827 469 846; x_wconf 88' lang='lat' dir='ltr'>ne</span> <span class='ocrx_word' id='word_1_57' title='bbox 492 827 506 846; x_wconf 91' lang='lat' dir='ltr'>a</span> <span class='ocrx_word' id='word_1_58' title='bbox 524 817 637 856; x_wconf 78' lang='lat' dir='ltr'>Capua,</span> <span class='ocrx_word' id='word_1_59' title='bbox 655 826 740 855; x_wconf 89' lang='lat' dir='ltr'>quam</span> <span class='ocrx_word' id='word_1_60' title='bbox 758 815 940 851; x_wconf 78' lang='lat' dir='ltr'>obsidebant,</span> <span class='ocrx_word' id='word_1_61' title='bbox 956 815 1144 845; x_wconf 83' lang='lat' dir='ltr'>abscederent</span> 
     </span>
     <span class='ocr_line' id='line_1_11' title="bbox 67 857 1174 898; baseline 0 -10"><span class='ocrx_word' id='word_1_62' title='bbox 67 859 149 897; x_wconf 85' lang='lat' dir='ltr'>prius</span> <span class='ocrx_word' id='word_1_63' title='bbox 166 868 251 898; x_wconf 87' lang='lat' dir='ltr'>quam</span> <span class='ocrx_word' id='word_1_64' title='bbox 268 865 494 898; x_wconf 77' lang='lat' dir='ltr'>expugnassent.</span> <span class='ocrx_word' id='word_1_65' title='bbox 526 870 556 889; x_wconf 85' lang='lat' dir='ltr'>ea</span> <span class='ocrx_word' id='word_1_66' title='bbox 574 864 635 889; x_wconf 91' lang='lat' dir='ltr'>tum</span> <span class='ocrx_word' id='word_1_67' title='bbox 649 869 716 889; x_wconf 84' lang='lat' dir='ltr'>eura</span> <span class='ocrx_word' id='word_1_68' title='bbox 734 859 857 888; x_wconf 86' lang='lat' dir='ltr'>maxime</span> <span class='ocrx_word' id='word_1_69' title='bbox 877 858 1005 887; x_wconf 88' lang='lat' dir='ltr'>intentos</span> <span class='ocrx_word' id='word_1_70' title='bbox 1021 857 1145 887; x_wconf 87' lang='lat' dir='ltr'>habebat</span> <span class='ocrx_word' id='word_1_71' title='bbox 1161 863 1174 888; x_wconf 85' lang='lat'><strong>3</strong></span> 
     </span>
     <span class='ocr_line' id='line_1_12' title="bbox 66 900 1144 941; baseline -0.001 -11"><span class='ocrx_word' id='word_1_72' title='bbox 66 901 224 934; x_wconf 76' lang='lat' dir='ltr'>Romanos.</span> <span class='ocrx_word' id='word_1_73' title='bbox 244 911 302 930; x_wconf 89' lang='lat' dir='ltr'>non</span> <span class='ocrx_word' id='word_1_74' title='bbox 320 902 354 931; x_wconf 89' lang='lat' dir='ltr'>ab</span> <span class='ocrx_word' id='word_1_75' title='bbox 372 902 412 931; x_wconf 80' lang='lat' dir='ltr'>ira</span> <span class='ocrx_word' id='word_1_76' title='bbox 429 907 557 937; x_wconf 87' lang='lat' dir='ltr'>tautum,</span> <span class='ocrx_word' id='word_1_77' title='bbox 582 911 654 941; x_wconf 81' lang='lat' dir='ltr'>quae</span> <span class='ocrx_word' id='word_1_78' title='bbox 671 902 700 931; x_wconf 90' lang='lat' dir='ltr'>iu</span> <span class='ocrx_word' id='word_1_79' title='bbox 719 902 827 931; x_wconf 86' lang='lat' dir='ltr'>nullam</span> <span class='ocrx_word' id='word_1_80' title='bbox 845 910 983 940; x_wconf 88' lang='lat' dir='ltr'>umquam</span> <span class='ocrx_word' id='word_1_81' title='bbox 1000 900 1144 930; x_wconf 80' lang='lat' dir='ltr'>civitatem</span> 
     </span>
     <span class='ocr_line' id='line_1_13' title="bbox 66 943 1173 983; baseline 0 -11"><span class='ocrx_word' id='word_1_82' title='bbox 66 944 171 973; x_wconf 88' lang='lat' dir='ltr'>iustior</span> <span class='ocrx_word' id='word_1_83' title='bbox 187 944 250 979; x_wconf 86' lang='lat' dir='ltr'>suit,</span> <span class='ocrx_word' id='word_1_84' title='bbox 270 954 355 983; x_wconf 86' lang='lat' dir='ltr'>quam</span> <span class='ocrx_word' id='word_1_85' title='bbox 373 946 450 983; x_wconf 87' lang='lat' dir='ltr'>quod</span> <span class='ocrx_word' id='word_1_86' title='bbox 468 945 538 974; x_wconf 87' lang='lat' dir='ltr'>urbs</span> <span class='ocrx_word' id='word_1_87' title='bbox 561 950 617 974; x_wconf 84' lang='lat' dir='ltr'>tam</span> <span class='ocrx_word' id='word_1_88' title='bbox 642 944 749 974; x_wconf 87' lang='lat' dir='ltr'>nobilis</span> <span class='ocrx_word' id='word_1_89' title='bbox 765 954 798 973; x_wconf 84' lang='lat' dir='ltr'>ac</span> <span class='ocrx_word' id='word_1_90' title='bbox 814 949 934 983; x_wconf 86' lang='lat' dir='ltr'>potens,</span> <span class='ocrx_word' id='word_1_91' title='bbox 957 943 1033 972; x_wconf 86' lang='lat' dir='ltr'>sicut</span> <span class='ocrx_word' id='word_1_92' title='bbox 1048 943 1145 973; x_wconf 77' lang='lat' dir='ltr'>desec-</span> <span class='ocrx_word' id='word_1_93' title='bbox 1160 948 1173 972; x_wconf 71' lang='lat'>4</span> 
     </span>
     <span class='ocr_line' id='line_1_14' title="bbox 66 985 1144 1026; baseline 0.001 -12"><span class='ocrx_word' id='word_1_94' title='bbox 66 985 145 1015; x_wconf 89' lang='lat' dir='ltr'>tione</span> <span class='ocrx_word' id='word_1_95' title='bbox 166 996 216 1015; x_wconf 87' lang='lat' dir='ltr'>sua</span> <span class='ocrx_word' id='word_1_96' title='bbox 242 992 363 1016; x_wconf 81' lang='lat' dir='ltr'>traxerat</span> <span class='ocrx_word' id='word_1_97' title='bbox 386 987 496 1026; x_wconf 82' lang='lat' dir='ltr'>aliquot</span> <span class='ocrx_word' id='word_1_98' title='bbox 516 987 658 1026; x_wconf 84' lang='lat' dir='ltr'>populos,</span> <span class='ocrx_word' id='word_1_99' title='bbox 682 987 718 1016; x_wconf 89' lang='lat' dir='ltr'>ita</span> <span class='ocrx_word' id='word_1_100' title='bbox 742 991 858 1025; x_wconf 83' lang='lat' dir='ltr'>recepta</span> <span class='ocrx_word' id='word_1_101' title='bbox 883 985 1058 1015; x_wconf 83' lang='lat' dir='ltr'>inclinatura</span> <span class='ocrx_word' id='word_1_102' title='bbox 1079 995 1144 1015; x_wconf 90' lang='lat' dir='ltr'>rur·</span> 
     </span>
     <span class='ocr_line' id='line_1_15' title="bbox 65 1028 1173 1068; baseline 0 -11"><span class='ocrx_word' id='word_1_103' title='bbox 65 1036 115 1057; x_wconf 85' lang='lat' dir='ltr'>sus</span> <span class='ocrx_word' id='word_1_104' title='bbox 131 1028 244 1057; x_wconf 85' lang='lat' dir='ltr'>animos</span> <span class='ocrx_word' id='word_1_105' title='bbox 260 1029 410 1058; x_wconf 76' lang='lat' dir='ltr'>videbatur</span> <span class='ocrx_word' id='word_1_106' title='bbox 431 1030 465 1058; x_wconf 89' lang='lat' dir='ltr'>ad</span> <span class='ocrx_word' id='word_1_107' title='bbox 486 1031 590 1058; x_wconf 67' lang='lat' dir='ltr'>vvteris</span> <span class='ocrx_word' id='word_1_108' title='bbox 606 1029 720 1068; x_wconf 81' lang='lat' dir='ltr'>imperii</span> <span class='ocrx_word' id='word_1_109' title='bbox 744 1034 922 1068; x_wconf 84' lang='lat' dir='ltr'>respectum.</span> <span class='ocrx_word' id='word_1_110' title='bbox 954 1033 981 1057; x_wconf 89' lang='lat' dir='ltr'>et</span> <span class='ocrx_word' id='word_1_111' title='bbox 1003 1028 1144 1067; x_wconf 82' lang='lat' dir='ltr'>praetori·</span> <span class='ocrx_word' id='word_1_112' title='bbox 1160 1034 1173 1057; x_wconf 87' lang='grc'>5</span> 
     </span>
     <span class='ocr_line' id='line_1_16' title="bbox 64 1069 1143 1110; baseline 0 -11"><span class='ocrx_word' id='word_1_113' title='bbox 64 1069 119 1099; x_wconf 86' lang='lat' dir='ltr'>bus</span> <span class='ocrx_word' id='word_1_114' title='bbox 136 1071 242 1109; x_wconf 83' lang='lat' dir='ltr'>prioris</span> <span class='ocrx_word' id='word_1_115' title='bbox 257 1071 326 1100; x_wconf 88' lang='lat' dir='ltr'>anni</span> <span class='ocrx_word' id='word_1_116' title='bbox 343 1071 478 1100; x_wconf 70' lang='lat' dir='ltr'>M.1un10</span> <span class='ocrx_word' id='word_1_117' title='bbox 496 1072 524 1100; x_wconf 89' lang='lat' dir='ltr'>in</span> <span class='ocrx_word' id='word_1_118' title='bbox 543 1072 667 1107; x_wconf 79' lang='lat' dir='ltr'>Etruria,</span> <span class='ocrx_word' id='word_1_119' title='bbox 684 1071 716 1100; x_wconf 85' lang='lat' dir='ltr'>P.</span> <span class='ocrx_word' id='word_1_120' title='bbox 729 1071 905 1110; x_wconf 87' lang='lat' dir='ltr'>Sempronio</span> <span class='ocrx_word' id='word_1_121' title='bbox 922 1071 951 1099; x_wconf 94' lang='lat' dir='ltr'>in</span> <span class='ocrx_word' id='word_1_122' title='bbox 969 1070 1059 1100; x_wconf 83' lang='lat' dir='ltr'>Gallia</span> <span class='ocrx_word' id='word_1_123' title='bbox 1077 1079 1143 1100; x_wconf 85' lang='lat' dir='ltr'>cum</span> 
     </span>
     <span class='ocr_line' id='line_1_17' title="bbox 63 1111 1174 1153; baseline 0.001 -12"><span class='ocrx_word' id='word_1_124' title='bbox 63 1111 141 1142; x_wconf 82' lang='lat' dir='ltr'>binis</span> <span class='ocrx_word' id='word_1_125' title='bbox 164 1113 345 1151; x_wconf 76' lang='lat' dir='ltr'>legionibus,</span> <span class='ocrx_word' id='word_1_126' title='bbox 376 1124 447 1152; x_wconf 85' lang='lat' dir='ltr'>quas</span> <span class='ocrx_word' id='word_1_127' title='bbox 474 1114 654 1150; x_wconf 84' lang='lat' dir='ltr'>habuerant,</span> <span class='ocrx_word' id='word_1_128' title='bbox 681 1118 871 1153; x_wconf 79' lang='lat' dir='ltr'>prorogatum</span> <span class='ocrx_word' id='word_1_129' title='bbox 900 1118 942 1142; x_wconf 89' lang='lat' dir='ltr'>est</span> <span class='ocrx_word' id='word_1_130' title='bbox 970 1113 1144 1152; x_wconf 87' lang='lat' dir='ltr'>imperium;</span> <span class='ocrx_word' id='word_1_131' title='bbox 1159 1118 1174 1142; x_wconf 73' lang='lat' dir='ltr'>f·</span> 
     </span>
    </p>
   </div>
   <div class='ocr_carea' id='block_1_6' title="bbox 64 1187 580 2003">
    <p class='ocr_par' dir='ltr' id='par_1_6' title="bbox 96 1187 456 1219">
     <span class='ocr_line' id='line_1_18' title="bbox 96 1187 456 1219; baseline 0 -8"><span class='ocrx_word' id='word_1_132' title='bbox 96 1187 121 1214; x_wconf 88' lang='lat'>1.</span> <span class='ocrx_word' id='word_1_133' title='bbox 140 1187 290 1219; x_wconf 84' lang='lat' dir='ltr'>Verteilung</span> <span class='ocrx_word' id='word_1_134' title='bbox 308 1187 352 1212; x_wconf 87' lang='lat' dir='ltr'>der</span> <span class='ocrx_word' id='word_1_135' title='bbox 370 1188 456 1213; x_wconf 81' lang='lat' dir='ltr'>Heere.</span> 
     </span>
    </p>

    <p class='ocr_par' dir='ltr' id='par_1_7' title="bbox 64 1221 580 1492">
     <span class='ocr_line' id='line_1_19' title="bbox 99 1221 578 1252; baseline 0.002 -6"><span class='ocrx_word' id='word_1_136' title='bbox 99 1223 121 1246; x_wconf 91' lang='lat'>1.</span> <span class='ocrx_word' id='word_1_137' title='bbox 140 1222 227 1246; x_wconf 76' lang='lat' dir='ltr'>idibus</span> <span class='ocrx_word' id='word_1_138' title='bbox 241 1221 359 1252; x_wconf 75' lang='lat' dir='ltr'>Martiis]</span> <span class='ocrx_word' id='word_1_139' title='bbox 378 1230 420 1247; x_wconf 86' lang='lat' dir='ltr'>um</span> <span class='ocrx_word' id='word_1_140' title='bbox 441 1222 510 1247; x_wconf 86' lang='lat' dir='ltr'>diese</span> <span class='ocrx_word' id='word_1_141' title='bbox 523 1222 578 1247; x_wconf 88' lang='lat' dir='ltr'>Zeit</span> 
     </span>
     <span class='ocr_line' id='line_1_20' title="bbox 65 1254 577 1288; baseline 0.002 -8"><span class='ocrx_word' id='word_1_142' title='bbox 65 1254 109 1280; x_wconf 84' lang='lat' dir='ltr'>der</span> <span class='ocrx_word' id='word_1_143' title='bbox 127 1255 290 1288; x_wconf 78' lang='lat' dir='ltr'>festgesetzte</span> <span class='ocrx_word' id='word_1_144' title='bbox 304 1255 359 1288; x_wconf 83' lang='lat' dir='ltr'>Tag</span> <span class='ocrx_word' id='word_1_145' title='bbox 379 1257 418 1280; x_wconf 71' lang='lat' dir='ltr'>ssu·</span> <span class='ocrx_word' id='word_1_146' title='bbox 430 1256 477 1281; x_wconf 81' lang='lat' dir='ltr'>den</span> <span class='ocrx_word' id='word_1_147' title='bbox 492 1258 577 1281; x_wconf 75' lang='lat' dir='ltr'>Amts-</span> 
     </span>
     <span class='ocr_line' id='line_1_21' title="bbox 65 1289 578 1322; baseline 0.006 -9"><span class='ocrx_word' id='word_1_148' title='bbox 65 1289 164 1322; x_wconf 68' lang='lat' dir='ltr'>antritt,</span> <span class='ocrx_word' id='word_1_149' title='bbox 183 1298 203 1314; x_wconf 81' lang='lat' dir='ltr'>s.</span> <span class='ocrx_word' id='word_1_150' title='bbox 223 1291 264 1319; x_wconf 87' lang='lat'>31,</span> <span class='ocrx_word' id='word_1_151' title='bbox 284 1292 306 1318; x_wconf 81' lang='lat'>5.</span> <span class='ocrx_word' id='word_1_152' title='bbox 326 1291 353 1318; x_wconf 71' lang='lat'>⁸2:</span> <span class='ocrx_word' id='word_1_153' title='bbox 379 1290 451 1315; x_wconf 82' lang='lat' dir='ltr'>Mms.</span> <span class='ocrx_word' id='word_1_154' title='bbox 471 1291 578 1321; x_wconf 79' lang='lat' dir='ltr'>StR.1&#39;-&#39;,</span> 
     </span>
     <span class='ocr_line' id='line_1_22' title="bbox 65 1324 580 1357; baseline 0.004 -9"><span class='ocrx_word' id='word_1_155' title='bbox 65 1325 123 1349; x_wconf 78' lang='lat'>579.</span> <span class='ocrx_word' id='word_1_156' title='bbox 141 1338 173 1342; x_wconf 88' lang='lat'><strong>—</strong></span> <span class='ocrx_word' id='word_1_157' title='bbox 193 1326 221 1348; x_wconf 85' lang='lat' dir='ltr'>in</span> <span class='ocrx_word' id='word_1_158' title='bbox 247 1324 416 1356; x_wconf 67' lang='lat' dir='ltr'>Capitolium]</span> <span class='ocrx_word' id='word_1_159' title='bbox 441 1332 462 1350; x_wconf 86' lang='lat' dir='ltr'>s.</span> <span class='ocrx_word' id='word_1_160' title='bbox 488 1333 518 1349; x_wconf 91' lang='lat' dir='ltr'>zu</span> <span class='ocrx_word' id='word_1_161' title='bbox 539 1326 580 1357; x_wconf 82' lang='lat'>23,</span> 
     </span>
     <span class='ocr_line' id='line_1_23' title="bbox 65 1357 578 1389; baseline 0.004 -7"><span class='ocrx_word' id='word_1_162' title='bbox 65 1358 106 1387; x_wconf 85' lang='lat'>31,</span> <span class='ocrx_word' id='word_1_163' title='bbox 128 1359 153 1385; x_wconf 85' lang='lat'>1;</span> <span class='ocrx_word' id='word_1_164' title='bbox 174 1357 225 1389; x_wconf 80' lang='lat' dir='ltr'>vgl.</span> <span class='ocrx_word' id='word_1_165' title='bbox 245 1357 316 1382; x_wconf 69' lang='lat' dir='ltr'>illins.</span> <span class='ocrx_word' id='word_1_166' title='bbox 337 1358 397 1383; x_wconf 68' lang='lat' dir='ltr'>sm.</span> <span class='ocrx_word' id='word_1_167' title='bbox 422 1358 454 1389; x_wconf 72' lang='lat'>1²,</span> <span class='ocrx_word' id='word_1_168' title='bbox 473 1360 531 1384; x_wconf 67' lang='lat'>594.</span> <span class='ocrx_word' id='word_1_169' title='bbox 546 1374 578 1377; x_wconf 92' lang='lat'>—-</span> 
     </span>
     <span class='ocr_line' id='line_1_24' title="bbox 65 1391 576 1423; baseline 0.004 -7"><span class='ocrx_word' id='word_1_170' title='bbox 65 1391 97 1416; x_wconf 77' lang='lat' dir='ltr'>de</span> <span class='ocrx_word' id='word_1_171' title='bbox 130 1391 363 1416; x_wconf 69' lang='lat' dir='ltr'>administratione</span> <span class='ocrx_word' id='word_1_172' title='bbox 395 1393 465 1423; x_wconf 78' lang='lat' dir='ltr'>belli]</span> <span class='ocrx_word' id='word_1_173' title='bbox 499 1393 576 1418; x_wconf 85' lang='lat' dir='ltr'>deren</span> 
     </span>
     <span class='ocr_line' id='line_1_25' title="bbox 64 1425 575 1459; baseline 0.004 -9"><span class='ocrx_word' id='word_1_174' title='bbox 64 1425 137 1450; x_wconf 78' lang='lat' dir='ltr'>beide</span> <span class='ocrx_word' id='word_1_175' title='bbox 155 1426 241 1450; x_wconf 77' lang='lat' dir='ltr'>Seiten</span> <span class='ocrx_word' id='word_1_176' title='bbox 262 1426 363 1450; x_wconf 82' lang='lat' dir='ltr'>werden</span> <span class='ocrx_word' id='word_1_177' title='bbox 383 1427 415 1451; x_wconf 88' lang='lat' dir='ltr'>im</span> <span class='ocrx_word' id='word_1_178' title='bbox 430 1427 575 1459; x_wconf 70' lang='lat' dir='ltr'>folgenden</span> 
     </span>
     <span class='ocr_line' id='line_1_26' title="bbox 65 1460 220 1492; baseline 0 -8"><span class='ocrx_word' id='word_1_179' title='bbox 65 1460 220 1492; x_wconf 76' lang='lat' dir='ltr'>angegeben.</span> 
     </span>
    </p>

    <p class='ocr_par' dir='ltr' id='par_1_8' title="bbox 64 1491 578 1900">
     <span class='ocr_line' id='line_1_27' title="bbox 98 1491 576 1526; baseline 0.002 -8"><span class='ocrx_word' id='word_1_180' title='bbox 98 1494 121 1518; x_wconf 82' lang='lat'>3.</span> <span class='ocrx_word' id='word_1_181' title='bbox 140 1502 193 1518; x_wconf 83' lang='lat' dir='ltr'>non</span> <span class='ocrx_word' id='word_1_182' title='bbox 220 1497 367 1520; x_wconf 75' lang='lat' dir='ltr'>lantum,</span> <span class='ocrx_word' id='word_1_183' title='bbox 384 1496 472 1526; x_wconf 84' lang='lat' dir='ltr'>qnam]</span> <span class='ocrx_word' id='word_1_184' title='bbox 497 1491 576 1519; x_wconf 80' lang='lat' dir='ltr'>nieht</span> 
     </span>
     <span class='ocr_line' id='line_1_28' title="bbox 64 1525 576 1559; baseline 0.002 -7"><span class='ocrx_word' id='word_1_185' title='bbox 64 1534 93 1552; x_wconf 88' lang='lat' dir='ltr'>so</span> <span class='ocrx_word' id='word_1_186' title='bbox 105 1527 180 1553; x_wconf 84' lang='lat' dir='ltr'>sehr.</span> <span class='ocrx_word' id='word_1_187' title='bbox 193 1525 266 1558; x_wconf 79' lang='lat' dir='ltr'>,als’,</span> <span class='ocrx_word' id='word_1_188' title='bbox 285 1528 365 1553; x_wconf 82' lang='lat' dir='ltr'>findet</span> <span class='ocrx_word' id='word_1_189' title='bbox 378 1528 441 1559; x_wconf 84' lang='lat' dir='ltr'>sich,</span> <span class='ocrx_word' id='word_1_190' title='bbox 460 1529 508 1553; x_wconf 80' lang='lat' dir='ltr'>wie</span> <span class='ocrx_word' id='word_1_191' title='bbox 523 1538 576 1553; x_wconf 82' lang='lat'><em>71071</em></span> 
     </span>
     <span class='ocr_line' id='line_1_29' title="bbox 66 1562 575 1594; baseline 0.008 -10"><span class='ocrx_word' id='word_1_192' title='bbox 66 1564 170 1587; x_wconf 79' lang='lat' dir='ltr'>tantus</span> <span class='ocrx_word' id='word_1_193' title='bbox 183 1570 289 1594; x_wconf 57' lang='lat' dir='ltr'>aluam</span> <span class='ocrx_word' id='word_1_194' title='bbox 304 1562 434 1587; x_wconf 84' lang='lat' dir='ltr'>bisweilen</span> <span class='ocrx_word' id='word_1_195' title='bbox 446 1565 518 1593; x_wconf 86' lang='lat' dir='ltr'>(statt</span> <span class='ocrx_word' id='word_1_196' title='bbox 530 1563 575 1588; x_wconf 79' lang='lat' dir='ltr'>des</span> 
     </span>
     <span class='ocr_line' id='line_1_30' title="bbox 65 1595 578 1628; baseline 0.004 -8"><span class='ocrx_word' id='word_1_197' title='bbox 65 1595 258 1627; x_wconf 68' lang='lat' dir='ltr'>gewohnlichen</span> <span class='ocrx_word' id='word_1_198' title='bbox 270 1604 321 1620; x_wconf 83' lang='lat' dir='ltr'>non</span> <span class='ocrx_word' id='word_1_199' title='bbox 338 1601 391 1621; x_wconf 79' lang='lat' dir='ltr'>tam</span> <span class='ocrx_word' id='word_1_200' title='bbox 403 1616 408 1621; x_wconf 91' lang='lat'>.</span> <span class='ocrx_word' id='word_1_201' title='bbox 423 1616 428 1621; x_wconf 94' lang='lat'>.</span> <span class='ocrx_word' id='word_1_202' title='bbox 440 1599 544 1628; x_wconf 80' lang='lat' dir='ltr'>q1111nz);</span> <span class='ocrx_word' id='word_1_203' title='bbox 557 1605 578 1622; x_wconf 89' lang='lat' dir='ltr'>s.</span> 
     </span>
     <span class='ocr_line' id='line_1_31' title="bbox 66 1630 577 1662; baseline 0.004 -8"><span class='ocrx_word' id='word_1_204' title='bbox 66 1636 97 1653; x_wconf 91' lang='lat' dir='ltr'>zu</span> <span class='ocrx_word' id='word_1_205' title='bbox 116 1631 139 1660; x_wconf 77' lang='grc' dir='ltr'>ἵ,</span> <span class='ocrx_word' id='word_1_206' title='bbox 161 1632 199 1661; x_wconf 82' lang='grc'>15,</span> <span class='ocrx_word' id='word_1_207' title='bbox 221 1632 263 1658; x_wconf 90' lang='lat'>10;</span> <span class='ocrx_word' id='word_1_208' title='bbox 284 1631 337 1662; x_wconf 71' lang='lat' dir='ltr'>vgl.</span> <span class='ocrx_word' id='word_1_209' title='bbox 358 1630 414 1655; x_wconf 83' lang='lat' dir='ltr'>Ter.</span> <span class='ocrx_word' id='word_1_210' title='bbox 434 1630 577 1657; x_wconf 81' lang='lat' dir='ltr'>Hee.-116:</span> 
     </span>
     <span class='ocr_line' id='line_1_32' title="bbox 66 1665 578 1697; baseline 0.004 -10"><span class='ocrx_word' id='word_1_211' title='bbox 66 1670 136 1688; x_wconf 78' lang='lat' dir='ltr'>non.</span> <span class='ocrx_word' id='word_1_212' title='bbox 147 1665 266 1689; x_wconf 74' lang='lat' dir='ltr'>.verbis.</span> <span class='ocrx_word' id='word_1_213' title='bbox 279 1665 353 1688; x_wconf 72' lang='lat' dir='ltr'>‚clici</span> <span class='ocrx_word' id='word_1_214' title='bbox 366 1667 452 1696; x_wconf 78' lang='lat' dir='ltr'>polest</span> <span class='ocrx_word' id='word_1_215' title='bbox 467 1669 578 1697; x_wconf 76' lang='lat' dir='ltr'>lantum,</span> 
     </span>
     <span class='ocr_line' id='line_1_33' title="bbox 68 1699 578 1730; baseline 0.004 -9"><span class='ocrx_word' id='word_1_216' title='bbox 68 1703 145 1727; x_wconf 78' lang='lat' dir='ltr'>quarn</span> <span class='ocrx_word' id='word_1_217' title='bbox 163 1706 192 1722; x_wconf 80' lang='lat' dir='ltr'>re</span> <span class='ocrx_word' id='word_1_218' title='bbox 212 1699 268 1730; x_wconf 79' lang='lat' dir='ltr'>ipsa</span> <span class='ocrx_word' id='word_1_219' title='bbox 287 1701 365 1730; x_wconf 54' lang='lat' dir='ltr'>nar-&#39;31</span> <span class='ocrx_word' id='word_1_220' title='bbox 361 1707 418 1723; x_wconf 77' lang='lat' dir='ltr'>are</span> <span class='ocrx_word' id='word_1_221' title='bbox 435 1707 578 1724; x_wconf 81' lang='lat' dir='ltr'>mcommo-</span> 
     </span>
     <span class='ocr_line' id='line_1_34' title="bbox 70 1730 578 1764; baseline 0.01 -11"><span class='ocrx_word' id='word_1_222' title='bbox 70 1730 167 1759; x_wconf 69' lang='lat' dir='ltr'>damst:</span> <span class='ocrx_word' id='word_1_223' title='bbox 193 1731 256 1758; x_wconf 84' lang='lat' dir='ltr'>Stat</span> <span class='ocrx_word' id='word_1_224' title='bbox 280 1732 342 1757; x_wconf 80' lang='lat' dir='ltr'>Silv.</span> <span class='ocrx_word' id='word_1_225' title='bbox 362 1735 385 1762; x_wconf 97' lang='lat'>5,</span> <span class='ocrx_word' id='word_1_226' title='bbox 405 1736 428 1764; x_wconf 83' lang='lat'>3,</span> <span class='ocrx_word' id='word_1_227' title='bbox 448 1734 506 1759; x_wconf 79' lang='lat'>212.</span> <span class='ocrx_word' id='word_1_228' title='bbox 543 1733 578 1758; x_wconf 91' lang='lat' dir='ltr'>Zu</span> 
     </span>
     <span class='ocr_line' id='line_1_35' title="bbox 70 1762 578 1800; baseline 0.008 -12"><span class='ocrx_word' id='word_1_229' title='bbox 70 1762 126 1789; x_wconf 86' lang='lat' dir='ltr'>dem</span> <span class='ocrx_word' id='word_1_230' title='bbox 145 1765 303 1791; x_wconf 76' lang='lat' dir='ltr'>adverbialen</span> <span class='ocrx_word' id='word_1_231' title='bbox 324 1770 427 1792; x_wconf 78' lang='lat' dir='ltr'>tantum</span> <span class='ocrx_word' id='word_1_232' title='bbox 447 1768 499 1800; x_wconf 71' lang='lat' dir='ltr'>xgl.</span> <span class='ocrx_word' id='word_1_233' title='bbox 517 1768 544 1796; x_wconf 88' lang='lat' dir='ltr'>L</span> <span class='ocrx_word' id='word_1_234' title='bbox 560 1770 578 1799; x_wconf 89' lang='lat'>1,</span> 
     </span>
     <span class='ocr_line' id='line_1_36' title="bbox 70 1787 577 1834; baseline 0.01 -13"><span class='ocrx_word' id='word_1_235' title='bbox 70 1798 94 1827; x_wconf 83' lang='lat'>7,</span> <span class='ocrx_word' id='word_1_236' title='bbox 111 1799 140 1823; x_wconf 91' lang='lat'>9:</span> <span class='ocrx_word' id='word_1_237' title='bbox 165 1799 340 1831; x_wconf 80' lang='lat' dir='ltr'>aliquantum.</span> <span class='ocrx_word' id='word_1_238' title='bbox 364 1816 397 1819; x_wconf 89' lang='lat'>-—</span> <span class='ocrx_word' id='word_1_239' title='bbox 423 1802 454 1825; x_wconf 82' lang='lat' dir='ltr'>ab</span> <span class='ocrx_word' id='word_1_240' title='bbox 466 1787 533 1834; x_wconf 57' lang='lat' dir='ltr'>t&#39;‘wtz]</span> <span class='ocrx_word' id='word_1_241' title='bbox 558 1810 577 1827; x_wconf 84' lang='lat' dir='ltr'>s.</span> 
     </span>
     <span class='ocr_line' id='line_1_37' title="bbox 70 1833 578 1866; baseline 0.01 -11"><span class='ocrx_word' id='word_1_242' title='bbox 70 1838 102 1855; x_wconf 91' lang='lat' dir='ltr'>zu</span> <span class='ocrx_word' id='word_1_243' title='bbox 121 1833 160 1863; x_wconf 77' lang='lat'>24,</span> <span class='ocrx_word' id='word_1_244' title='bbox 179 1834 219 1866; x_wconf 87' lang='lat'>30,</span> <span class='ocrx_word' id='word_1_245' title='bbox 241 1836 260 1859; x_wconf 93' lang='lat'>1.</span> <span class='ocrx_word' id='word_1_246' title='bbox 285 1849 317 1852; x_wconf 97' lang='lat'><strong>—</strong></span> <span class='ocrx_word' id='word_1_247' title='bbox 343 1837 370 1859; x_wconf 81' lang='lat' dir='ltr'>in</span> <span class='ocrx_word' id='word_1_248' title='bbox 397 1836 498 1860; x_wconf 80' lang='lat' dir='ltr'>nullam</span> <span class='ocrx_word' id='word_1_249' title='bbox 523 1844 578 1860; x_wconf 79' lang='lat' dir='ltr'>mn-</span> 
     </span>
     <span class='ocr_line' id='line_1_38' title="bbox 71 1868 427 1900; baseline 0.014 -11"><span class='ocrx_word' id='word_1_250' title='bbox 71 1868 196 1898; x_wconf 80' lang='lat' dir='ltr'>quam..]</span> <span class='ocrx_word' id='word_1_251' title='bbox 215 1868 265 1900; x_wconf 86' lang='lat' dir='ltr'>vgl.</span> <span class='ocrx_word' id='word_1_252' title='bbox 285 1870 325 1899; x_wconf 78' lang='grc'><strong>2-1,</strong></span> <span class='ocrx_word' id='word_1_253' title='bbox 346 1871 384 1899; x_wconf 76' lang='grc'><strong>12,</strong></span> <span class='ocrx_word' id='word_1_254' title='bbox 404 1870 427 1894; x_wconf 83' lang='lat'>2.</span> 
     </span>
    </p>

    <p class='ocr_par' dir='ltr' id='par_1_9' title="bbox 70 1901 578 1969">
     <span class='ocr_line' id='line_1_39' title="bbox 105 1901 578 1934; baseline 0.013 -11"><span class='ocrx_word' id='word_1_255' title='bbox 105 1901 129 1924; x_wconf 83' lang='lat'>4.</span> <span class='ocrx_word' id='word_1_256' title='bbox 151 1902 282 1934; x_wconf 64' lang='lat' dir='ltr'>traaeerat]</span> <span class='ocrx_word' id='word_1_257' title='bbox 309 1903 384 1928; x_wconf 72' lang='lat' dir='ltr'>niiml.</span> <span class='ocrx_word' id='word_1_258' title='bbox 408 1901 482 1928; x_wconf 82' lang='lat' dir='ltr'>‘nach</span> <span class='ocrx_word' id='word_1_259' title='bbox 507 1901 578 1933; x_wconf 74' lang='lat' dir='ltr'>sich&#39;3</span> 
     </span>
     <span class='ocr_line' id='line_1_40' title="bbox 70 1933 578 1969; baseline 0.012 -12"><span class='ocrx_word' id='word_1_260' title='bbox 70 1933 122 1965; x_wconf 80' lang='lat' dir='ltr'>vgl.</span> <span class='ocrx_word' id='word_1_261' title='bbox 138 1935 178 1965; x_wconf 85' lang='lat'>21,</span> <span class='ocrx_word' id='word_1_262' title='bbox 189 1935 229 1965; x_wconf 77' lang='lat'>28,</span> <span class='ocrx_word' id='word_1_263' title='bbox 243 1937 271 1968; x_wconf 79' lang='lat'>53</span> <span class='ocrx_word' id='word_1_264' title='bbox 291 1937 383 1969; x_wconf 75' lang='lat'>27,17,</span> <span class='ocrx_word' id='word_1_265' title='bbox 394 1939 422 1966; x_wconf 82' lang='lat'>2;</span> <span class='ocrx_word' id='word_1_266' title='bbox 441 1938 502 1963; x_wconf 85' lang='lat' dir='ltr'>Tac.</span> <span class='ocrx_word' id='word_1_267' title='bbox 514 1939 578 1963; x_wconf 79' lang='lat' dir='ltr'>Ann.</span> 
     </span>
    </p>

    <p class='ocr_par' dir='ltr' id='par_1_10' title="bbox 125 1979 377 2003">
     <span class='ocr_line' id='line_1_41' title="bbox 125 1979 377 2003; baseline 0.016 -4"><span class='ocrx_word' id='word_1_268' title='bbox 125 1979 166 2000; x_wconf 83' lang='lat' dir='ltr'>T&#39;u.</span> <span class='ocrx_word' id='word_1_269' title='bbox 177 1979 220 2000; x_wconf 62' lang='lat' dir='ltr'>Lix&#39;.</span> <span class='ocrx_word' id='word_1_270' title='bbox 231 1980 251 2000; x_wconf 75' lang='lat' dir='ltr'>V.</span> <span class='ocrx_word' id='word_1_271' title='bbox 261 1982 280 2001; x_wconf 77' lang='lat'>¹2.</span> <span class='ocrx_word' id='word_1_272' title='bbox 293 1983 313 2002; x_wconf 75' lang='lat'>4.</span> <span class='ocrx_word' id='word_1_273' title='bbox 323 1983 377 2003; x_wconf 64' lang='lat' dir='ltr'>aun.</span> 
     </span>
    </p>
   </div>
   <div class='ocr_carea' id='block_1_7' title="bbox 629 1187 1146 1964">
    <p class='ocr_par' dir='ltr' id='par_1_11' title="bbox 629 1187 1145 1595">
     <span class='ocr_line' id='line_1_42' title="bbox 632 1187 1143 1220; baseline -0.004 -6"><span class='ocrx_word' id='word_1_274' title='bbox 632 1191 652 1216; x_wconf 83' lang='lat'>1.</span> <span class='ocrx_word' id='word_1_275' title='bbox 674 1190 714 1214; x_wconf 85' lang='lat'>31.</span> <span class='ocrx_word' id='word_1_276' title='bbox 727 1203 761 1206; x_wconf 91' lang='lat'>-—</span> <span class='ocrx_word' id='word_1_277' title='bbox 772 1189 888 1219; x_wconf 76' lang='lat' dir='ltr'>recepta]</span> <span class='ocrx_word' id='word_1_278' title='bbox 906 1187 951 1213; x_wconf 85' lang='lat' dir='ltr'>das</span> <span class='ocrx_word' id='word_1_279' title='bbox 965 1187 1074 1220; x_wconf 86' lang='lat' dir='ltr'>Particip</span> <span class='ocrx_word' id='word_1_280' title='bbox 1089 1191 1143 1213; x_wconf 87' lang='lat' dir='ltr'>ent—</span> 
     </span>
     <span class='ocr_line' id='line_1_43' title="bbox 630 1222 1143 1255; baseline -0.002 -8"><span class='ocrx_word' id='word_1_281' title='bbox 630 1223 725 1255; x_wconf 81' lang='lat' dir='ltr'>spriclit</span> <span class='ocrx_word' id='word_1_282' title='bbox 738 1223 794 1248; x_wconf 84' lang='lat' dir='ltr'>dem</span> <span class='ocrx_word' id='word_1_283' title='bbox 806 1222 908 1246; x_wconf 78' lang='lat' dir='ltr'>Ablativ</span> <span class='ocrx_word' id='word_1_284' title='bbox 922 1222 1070 1251; x_wconf 64' lang='lat' dir='ltr'>defen-itone</span> <span class='ocrx_word' id='word_1_285' title='bbox 1082 1230 1143 1251; x_wconf 56' lang='lat' dir='ltr'>suen</span> 
     </span>
     <span class='ocr_line' id='line_1_44' title="bbox 630 1254 1144 1295; baseline 0 -15"><span class='ocrx_word' id='word_1_286' title='bbox 630 1257 682 1288; x_wconf 79' lang='lat' dir='ltr'>vgl.</span> <span class='ocrx_word' id='word_1_287' title='bbox 703 1256 757 1281; x_wconf 75' lang='lat' dir='ltr'>Pol.</span> <span class='ocrx_word' id='word_1_288' title='bbox 796 1259 838 1288; x_wconf 90' lang='grc'>,1,</span> <span class='ocrx_word' id='word_1_289' title='bbox 849 1259 876 1281; x_wconf 96' lang='lat'>4.</span> <span class='ocrx_word' id='word_1_290' title='bbox 896 1254 909 1295; x_wconf 59' lang='grc' dir='ltr'>ᾖ·</span> <span class='ocrx_word' id='word_1_291' title='bbox 932 1255 961 1280; x_wconf 78' lang='grc' dir='ltr'>δὲ</span> <span class='ocrx_word' id='word_1_292' title='bbox 980 1255 1078 1286; x_wconf 78' lang='grc' dir='ltr'>Καπύη</span> <span class='ocrx_word' id='word_1_293' title='bbox 1099 1265 1144 1289; x_wconf 78' lang='grc' dir='ltr'>με·</span> 
     </span>
     <span class='ocr_line' id='line_1_45' title="bbox 632 1267 1145 1329; baseline 0 -15"><span class='ocrx_word' id='word_1_294' title='bbox 632 1290 765 1323; x_wconf 51' lang='grc' dir='ltr'>τιθεμένη</span> <span class='ocrx_word' id='word_1_295' title='bbox 779 1267 847 1323; x_wconf 52' lang='lat'>71&#39;91‘23</span> <span class='ocrx_word' id='word_1_296' title='bbox 864 1289 925 1316; x_wconf 72' lang='grc' dir='ltr'>τοὶς</span> <span class='ocrx_word' id='word_1_297' title='bbox 934 1289 1145 1329; x_wconf 63' lang='grc' dir='ltr'>Καρχηδονίους</span> 
     </span>
     <span class='ocr_line' id='line_1_46' title="bbox 632 1323 1145 1364; baseline -0.002 -15"><span class='ocrx_word' id='word_1_298' title='bbox 632 1325 668 1355; x_wconf 75' lang='grc' dir='ltr'>τῶ</span> <span class='ocrx_word' id='word_1_299' title='bbox 689 1324 766 1364; x_wconf 66' lang='grc' dir='ltr'><em>βάρει</em></span> <span class='ocrx_word' id='word_1_300' title='bbox 786 1323 1010 1349; x_wconf 75' lang='grc' dir='ltr'>σινεπεσπάσατο</span> <span class='ocrx_word' id='word_1_301' title='bbox 1033 1323 1077 1348; x_wconf 80' lang='grc' dir='ltr'>καὶ</span> <span class='ocrx_word' id='word_1_302' title='bbox 1098 1323 1145 1351; x_wconf 79' lang='grc' dir='ltr'>τὰς</span> 
     </span>
     <span class='ocr_line' id='line_1_47' title="bbox 631 1355 1146 1398; baseline 0.002 -16"><span class='ocrx_word' id='word_1_303' title='bbox 631 1356 712 1385; x_wconf 68' lang='grc' dir='ltr'><em>ἄλλας</em></span> <span class='ocrx_word' id='word_1_304' title='bbox 731 1357 827 1385; x_wconf 70' lang='grc' dir='ltr'><em>πόλεις.</em></span> <span class='ocrx_word' id='word_1_305' title='bbox 844 1373 876 1376; x_wconf 92' lang='grc'><strong>-</strong></span> <span class='ocrx_word' id='word_1_306' title='bbox 896 1357 1074 1398; x_wconf 75' lang='lat' dir='ltr'>inclinatura]</span> <span class='ocrx_word' id='word_1_307' title='bbox 1094 1355 1146 1383; x_wconf 88' lang='lat' dir='ltr'>be-</span> 
     </span>
     <span class='ocr_line' id='line_1_48' title="bbox 630 1392 1144 1425; baseline 0 -8"><span class='ocrx_word' id='word_1_308' title='bbox 630 1393 726 1417; x_wconf 82' lang='lat' dir='ltr'>wirken</span> <span class='ocrx_word' id='word_1_309' title='bbox 738 1392 834 1422; x_wconf 70' lang='lat' dir='ltr'>warde,</span> <span class='ocrx_word' id='word_1_310' title='bbox 848 1392 922 1418; x_wconf 73' lang='lat' dir='ltr'>dass.</span> <span class='ocrx_word' id='word_1_311' title='bbox 954 1392 1113 1425; x_wconf 82' lang='lat' dir='ltr'>;‹1agegen&#39;</span> <span class='ocrx_word' id='word_1_312' title='bbox 1107 1400 1144 1416; x_wconf 88' lang='lat' dir='ltr'>m-</span> 
     </span>
     <span class='ocr_line' id='line_1_49' title="bbox 630 1428 1145 1459; baseline -0.002 -8"><span class='ocrx_word' id='word_1_313' title='bbox 630 1428 745 1451; x_wconf 77' lang='lat' dir='ltr'>transitiv</span> <span class='ocrx_word' id='word_1_314' title='bbox 766 1429 806 1457; x_wconf 86' lang='lat'>35,</span> <span class='ocrx_word' id='word_1_315' title='bbox 821 1428 900 1457; x_wconf 79' lang='lat'>39,4:</span> <span class='ocrx_word' id='word_1_316' title='bbox 921 1429 974 1451; x_wconf 81' lang='lat' dir='ltr'>nisi</span> <span class='ocrx_word' id='word_1_317' title='bbox 991 1435 1057 1459; x_wconf 73' lang='lat' dir='ltr'>par-s</span> <span class='ocrx_word' id='word_1_318' title='bbox 1069 1446 1074 1451; x_wconf 93' lang='lat'>.</span> <span class='ocrx_word' id='word_1_319' title='bbox 1086 1445 1091 1451; x_wconf 86' lang='lat'>.</span> <span class='ocrx_word' id='word_1_320' title='bbox 1104 1435 1145 1450; x_wconf 81' lang='grc' dir='ltr'>ιη-</span> 
     </span>
     <span class='ocr_line' id='line_1_50' title="bbox 630 1461 1144 1493; baseline -0.002 -8"><span class='ocrx_word' id='word_1_321' title='bbox 630 1461 744 1485; x_wconf 63' lang='lat' dir='ltr'>clinmvt</span> <span class='ocrx_word' id='word_1_322' title='bbox 759 1462 795 1485; x_wconf 81' lang='lat' dir='ltr'>ad</span> <span class='ocrx_word' id='word_1_323' title='bbox 807 1463 955 1493; x_wconf 70' lang='lat' dir='ltr'>respectum</span> <span class='ocrx_word' id='word_1_324' title='bbox 967 1480 972 1485; x_wconf 91' lang='lat'>.</span> <span class='ocrx_word' id='word_1_325' title='bbox 985 1480 990 1485; x_wconf 94' lang='lat'>.</span> <span class='ocrx_word' id='word_1_326' title='bbox 1001 1462 1144 1485; x_wconf 73' lang='lat' dir='ltr'>socielacis.</span> 
     </span>
     <span class='ocr_line' id='line_1_51' title="bbox 629 1496 1142 1528; baseline 0.002 -9"><span class='ocrx_word' id='word_1_327' title='bbox 629 1509 662 1513; x_wconf 91' lang='lat'>—</span> <span class='ocrx_word' id='word_1_328' title='bbox 680 1496 837 1527; x_wconf 76' lang='lat' dir='ltr'>respectum]</span> <span class='ocrx_word' id='word_1_329' title='bbox 862 1503 882 1519; x_wconf 91' lang='lat' dir='ltr'>s.</span> <span class='ocrx_word' id='word_1_330' title='bbox 902 1497 925 1526; x_wconf 88' lang='grc'>5,</span> <span class='ocrx_word' id='word_1_331' title='bbox 947 1496 972 1523; x_wconf 82' lang='grc'>2;</span> <span class='ocrx_word' id='word_1_332' title='bbox 994 1496 1034 1528; x_wconf 84' lang='lat'>35,</span> <span class='ocrx_word' id='word_1_333' title='bbox 1055 1496 1096 1527; x_wconf 75' lang='lat'>38,</span> <span class='ocrx_word' id='word_1_334' title='bbox 1115 1496 1142 1523; x_wconf 85' lang='grc'>6,</span> 
     </span>
     <span class='ocr_line' id='line_1_52' title="bbox 630 1530 1142 1560; baseline 0 -6"><span class='ocrx_word' id='word_1_335' title='bbox 630 1530 670 1560; x_wconf 80' lang='grc'><strong>39,</strong></span> <span class='ocrx_word' id='word_1_336' title='bbox 690 1530 729 1559; x_wconf 76' lang='lat'>28,</span> <span class='ocrx_word' id='word_1_337' title='bbox 751 1531 794 1554; x_wconf 86' lang='lat'>14:</span> <span class='ocrx_word' id='word_1_338' title='bbox 815 1533 948 1560; x_wconf 76' lang='lat' dir='ltr'>respectus</span> <span class='ocrx_word' id='word_1_339' title='bbox 966 1531 1028 1558; x_wconf 51' lang='lat' dir='ltr'>mec}</span> <span class='ocrx_word' id='word_1_340' title='bbox 1049 1531 1089 1559; x_wconf 72' lang='lat'>42,</span> <span class='ocrx_word' id='word_1_341' title='bbox 1102 1531 1142 1557; x_wconf 74' lang='lat'>37,</span> 
     </span>
     <span class='ocr_line' id='line_1_53' title="bbox 630 1564 927 1595; baseline -0.003 -6"><span class='ocrx_word' id='word_1_342' title='bbox 630 1565 658 1591; x_wconf 76' lang='lat'>2:</span> <span class='ocrx_word' id='word_1_343' title='bbox 678 1564 730 1595; x_wconf 82' lang='lat' dir='ltr'>vgl.</span> <span class='ocrx_word' id='word_1_344' title='bbox 750 1571 781 1588; x_wconf 85' lang='lat' dir='ltr'>zu</span> <span class='ocrx_word' id='word_1_345' title='bbox 800 1565 823 1594; x_wconf 79' lang='lat'>2,</span> <span class='ocrx_word' id='word_1_346' title='bbox 844 1565 884 1591; x_wconf 83' lang='lat'>30.</span> <span class='ocrx_word' id='word_1_347' title='bbox 903 1565 927 1588; x_wconf 77' lang='lat'>2.</span> 
     </span>
    </p>

    <p class='ocr_par' dir='ltr' id='par_1_12' title="bbox 631 1597 1145 1964">
     <span class='ocr_line' id='line_1_54' title="bbox 666 1597 1144 1629; baseline -0.002 -7"><span class='ocrx_word' id='word_1_348' title='bbox 666 1600 688 1623; x_wconf 81' lang='lat'>5.</span> <span class='ocrx_word' id='word_1_349' title='bbox 707 1598 885 1629; x_wconf 73' lang='lat' dir='ltr'>praetoribus]</span> <span class='ocrx_word' id='word_1_350' title='bbox 911 1598 945 1622; x_wconf 77' lang='lat' dir='ltr'>ist</span> <span class='ocrx_word' id='word_1_351' title='bbox 964 1597 1032 1622; x_wconf 81' lang='lat' dir='ltr'>nicht</span> <span class='ocrx_word' id='word_1_352' title='bbox 1054 1604 1144 1629; x_wconf 87' lang='lat' dir='ltr'>genau,</span> 
     </span>
     <span class='ocr_line' id='line_1_55' title="bbox 631 1631 1144 1664; baseline -0.002 -8"><span class='ocrx_word' id='word_1_353' title='bbox 631 1631 661 1656; x_wconf 83' lang='lat' dir='ltr'>da</span> <span class='ocrx_word' id='word_1_354' title='bbox 682 1631 727 1656; x_wconf 81' lang='lat' dir='ltr'>das</span> <span class='ocrx_word' id='word_1_355' title='bbox 746 1632 879 1664; x_wconf 82' lang='lat' dir='ltr'>Imperium</span> <span class='ocrx_word' id='word_1_356' title='bbox 902 1631 959 1656; x_wconf 89' lang='lat' dir='ltr'>dem</span> <span class='ocrx_word' id='word_1_357' title='bbox 979 1631 1021 1656; x_wconf 85' lang='lat' dir='ltr'>Cn.</span> <span class='ocrx_word' id='word_1_358' title='bbox 1042 1631 1144 1656; x_wconf 76' lang='lat' dir='ltr'>Fulvius</span> 
     </span>
     <span class='ocr_line' id='line_1_56' title="bbox 631 1665 1145 1698; baseline -0.004 -7"><span class='ocrx_word' id='word_1_359' title='bbox 631 1667 660 1696; x_wconf 87' lang='lat' dir='ltr'>(s.</span> <span class='ocrx_word' id='word_1_360' title='bbox 681 1667 703 1696; x_wconf 81' lang='lat'>2,</span> <span class='ocrx_word' id='word_1_361' title='bbox 718 1667 743 1697; x_wconf 82' lang='lat'>7)</span> <span class='ocrx_word' id='word_1_362' title='bbox 762 1666 831 1690; x_wconf 85' lang='lat' dir='ltr'>nicht</span> <span class='ocrx_word' id='word_1_363' title='bbox 850 1666 994 1698; x_wconf 70' lang='lat' dir='ltr'>verliingert</span> <span class='ocrx_word' id='word_1_364' title='bbox 1010 1665 1081 1695; x_wconf 85' lang='lat' dir='ltr'>wird,</span> <span class='ocrx_word' id='word_1_365' title='bbox 1102 1665 1145 1690; x_wconf 83' lang='lat' dir='ltr'>da-</span> 
     </span>
     <span class='ocr_line' id='line_1_57' title="bbox 631 1699 1144 1732; baseline 0 -8"><span class='ocrx_word' id='word_1_366' title='bbox 631 1707 712 1732; x_wconf 83' lang='lat' dir='ltr'>gegen</span> <span class='ocrx_word' id='word_1_367' title='bbox 741 1700 797 1724; x_wconf 85' lang='lat' dir='ltr'>dem</span> <span class='ocrx_word' id='word_1_368' title='bbox 823 1700 850 1724; x_wconf 88' lang='lat' dir='ltr'>P.</span> <span class='ocrx_word' id='word_1_369' title='bbox 877 1700 1040 1732; x_wconf 82' lang='lat' dir='ltr'>Sempronius</span> <span class='ocrx_word' id='word_1_370' title='bbox 1065 1699 1144 1724; x_wconf 83' lang='lat' dir='ltr'>sehon</span> 
     </span>
     <span class='ocr_line' id='line_1_58' title="bbox 632 1733 1144 1766; baseline -0.002 -7"><span class='ocrx_word' id='word_1_371' title='bbox 632 1736 672 1764; x_wconf 83' lang='lat'>25,</span> <span class='ocrx_word' id='word_1_372' title='bbox 684 1736 707 1766; x_wconf 82' lang='grc'>3,</span> <span class='ocrx_word' id='word_1_373' title='bbox 719 1736 732 1759; x_wconf 87' lang='lat'>5</span> <span class='ocrx_word' id='word_1_374' title='bbox 747 1735 889 1766; x_wconf 83' lang='lat' dir='ltr'>prorogiert</span> <span class='ocrx_word' id='word_1_375' title='bbox 907 1734 948 1763; x_wconf 81' lang='lat' dir='ltr'>ist,</span> <span class='ocrx_word' id='word_1_376' title='bbox 967 1733 1074 1758; x_wconf 82' lang='lat' dir='ltr'>wonach</span> <span class='ocrx_word' id='word_1_377' title='bbox 1094 1733 1144 1758; x_wconf 77' lang='lat' dir='ltr'>ihm</span> 
     </span>
     <span class='ocr_line' id='line_1_59' title="bbox 631 1768 1145 1800; baseline -0.002 -8"><span class='ocrx_word' id='word_1_378' title='bbox 631 1768 671 1792; x_wconf 90' lang='lat' dir='ltr'>die</span> <span class='ocrx_word' id='word_1_379' title='bbox 709 1768 887 1800; x_wconf 78' lang='lat' dir='ltr'>Bezeicliuung</span> <span class='ocrx_word' id='word_1_380' title='bbox 928 1768 1062 1799; x_wconf 62' lang='lat' dir='ltr'>Proprstor</span> <span class='ocrx_word' id='word_1_381' title='bbox 1103 1775 1145 1792; x_wconf 93' lang='lat' dir='ltr'>zu—</span> 
     </span>
     <span class='ocr_line' id='line_1_60' title="bbox 631 1801 1144 1831; baseline 0 -5"><span class='ocrx_word' id='word_1_382' title='bbox 631 1801 742 1831; x_wconf 86' lang='lat' dir='ltr'>kommt;</span> <span class='ocrx_word' id='word_1_383' title='bbox 762 1810 782 1827; x_wconf 90' lang='lat' dir='ltr'>s.</span> <span class='ocrx_word' id='word_1_384' title='bbox 802 1810 832 1826; x_wconf 91' lang='lat' dir='ltr'>zu</span> <span class='ocrx_word' id='word_1_385' title='bbox 844 1803 923 1831; x_wconf 84' lang='lat'>33,4:</span> <span class='ocrx_word' id='word_1_386' title='bbox 944 1802 1044 1826; x_wconf 78' lang='lat' dir='ltr'>consul.</span> <span class='ocrx_word' id='word_1_387' title='bbox 1073 1801 1144 1826; x_wconf 85' lang='lat' dir='ltr'>Clau-</span> 
     </span>
     <span class='ocr_line' id='line_1_61' title="bbox 631 1835 1143 1868; baseline 0.002 -8"><span class='ocrx_word' id='word_1_388' title='bbox 631 1836 687 1860; x_wconf 91' lang='lat' dir='ltr'>dius</span> <span class='ocrx_word' id='word_1_389' title='bbox 704 1836 779 1868; x_wconf 84' lang='lat' dir='ltr'>Nero,</span> <span class='ocrx_word' id='word_1_390' title='bbox 799 1836 842 1861; x_wconf 88' lang='lat' dir='ltr'>der</span> <span class='ocrx_word' id='word_1_391' title='bbox 861 1844 906 1861; x_wconf 83' lang='lat' dir='ltr'>vor</span> <span class='ocrx_word' id='word_1_392' title='bbox 920 1835 1007 1868; x_wconf 82' lang='lat' dir='ltr'>Kapua</span> <span class='ocrx_word' id='word_1_393' title='bbox 1026 1836 1095 1860; x_wconf 82' lang='lat' dir='ltr'>steht</span> <span class='ocrx_word' id='word_1_394' title='bbox 1112 1837 1143 1866; x_wconf 86' lang='lat' dir='ltr'>(s.</span> 
     </span>
     <span class='ocr_line' id='line_1_62' title="bbox 631 1870 1145 1902; baseline -0.002 -7"><span class='ocrx_word' id='word_1_395' title='bbox 631 1871 672 1900; x_wconf 78' lang='lat'>25,</span> <span class='ocrx_word' id='word_1_396' title='bbox 691 1872 732 1901; x_wconf 80' lang='lat'>22,</span> <span class='ocrx_word' id='word_1_397' title='bbox 747 1872 773 1898; x_wconf 77' lang='lat'>7;</span> <span class='ocrx_word' id='word_1_398' title='bbox 795 1871 835 1902; x_wconf 79' lang='lat'>26,</span> <span class='ocrx_word' id='word_1_399' title='bbox 849 1873 871 1899; x_wconf 72' lang='lat'>5,</span> <span class='ocrx_word' id='word_1_400' title='bbox 884 1872 906 1896; x_wconf 72' lang='lat' dir='ltr'>s.</span> <span class='ocrx_word' id='word_1_401' title='bbox 929 1872 966 1901; x_wconf 82' lang='lat'>17,</span> <span class='ocrx_word' id='word_1_402' title='bbox 984 1872 1013 1900; x_wconf 73' lang='lat'>1),</span> <span class='ocrx_word' id='word_1_403' title='bbox 1028 1870 1060 1894; x_wconf 82' lang='lat' dir='ltr'>ist</span> <span class='ocrx_word' id='word_1_404' title='bbox 1075 1870 1145 1894; x_wconf 75' lang='lat' dir='ltr'>uber-</span> 
     </span>
     <span class='ocr_line' id='line_1_63' title="bbox 631 1904 1145 1936; baseline 0.004 -8"><span class='ocrx_word' id='word_1_405' title='bbox 631 1912 744 1936; x_wconf 79' lang='lat' dir='ltr'>gangen;</span> <span class='ocrx_word' id='word_1_406' title='bbox 776 1904 904 1929; x_wconf 80' lang='lat' dir='ltr'>Lukanien</span> <span class='ocrx_word' id='word_1_407' title='bbox 931 1906 961 1935; x_wconf 91' lang='lat' dir='ltr'>(s.</span> <span class='ocrx_word' id='word_1_408' title='bbox 989 1906 1030 1934; x_wconf 83' lang='lat'>25,</span> <span class='ocrx_word' id='word_1_409' title='bbox 1057 1906 1095 1935; x_wconf 88' lang='grc'>16,</span> <span class='ocrx_word' id='word_1_410' title='bbox 1123 1905 1145 1934; x_wconf 87' lang='grc'>1)</span> 
     </span>
     <span class='ocr_line' id='line_1_64' title="bbox 632 1937 907 1964; baseline 0.004 -1"><span class='ocrx_word' id='word_1_411' title='bbox 632 1938 695 1963; x_wconf 80' lang='lat' dir='ltr'>wird</span> <span class='ocrx_word' id='word_1_412' title='bbox 714 1937 784 1963; x_wconf 81' lang='lat' dir='ltr'>nicht</span> <span class='ocrx_word' id='word_1_413' title='bbox 802 1938 907 1964; x_wconf 81' lang='lat' dir='ltr'>besetzt.</span> 
     </span>
    </p>
   </div>
   <div class='ocr_carea' id='block_1_8' title="bbox 926 1983 936 2006">
    <p class='ocr_par' dir='ltr' id='par_1_13' title="bbox 926 1983 936 2006">
     <span class='ocr_line' id='line_1_65' title="bbox 926 1983 936 2006; baseline 0 0"><span class='ocrx_word' id='word_1_414' title='bbox 926 1983 936 2006; x_wconf 92' lang='lat'>1</span> 
     </span>
    </p>
   </div>
  </div>
 </body>
</html>
