1332 2150
85 108 105 124 ι.
115 101 159 123 chr.
170 107 191 122 n.
201 101 244 122 212.

411 93 502 120 LIBER
522 94 596 120 XXV.
632 94 702 120 CAP.
726 96 762 120 19.
784 96 824 121 20.

1092 93 1148 124 165

84 180 153 212 acie.
184 184 337 219 postquam
354 180 377 209 is
397 189 456 210 non
475 190 526 219 pro
550 186 643 210 vetere
666 180 739 210 fama
762 181 871 217 solum,
897 182 944 211 sed
962 181 1047 211 etiam
1070 186 1149 212 metu
1168 187 1195 212 16

84 222 171 253 futuri
193 222 361 258 dedecoris,
386 223 409 252 si
432 232 483 252 sua
507 223 666 252 temeritate
688 225 855 253 contractae
877 224 951 254 cladi
974 229 1149 263 superesset,

84 264 231 295 obiectans
247 274 277 294 se
299 265 428 294 hostium
453 265 517 294 telis
547 265 664 299 cecidit,
693 266 755 296 fusa
788 267 931 306 extemplo
954 272 995 296 est
1020 266 1149 297 Romana

83 307 166 338 acies.
207 307 256 336 sed
278 307 349 337 adeo
374 317 410 337 ne
435 308 519 346 fugae
542 308 659 347 quidem
682 308 735 338 iter
763 309 854 348 patuit
881 309 1018 338 omnibus
1040 309 1092 339 viis
1113 309 1148 339 ab
1168 315 1193 339 Π

83 349 179 389 equite
195 349 325 385 insessis,
342 354 372 379 ut
389 359 421 379 ex
439 355 516 380 tanta
533 350 719 380 multitudine
736 351 780 380 vix
797 351 875 381 mille
892 351 1044 387 evaserint,
1061 352 1148 381 ceteri

83 392 189 432 passim
205 391 252 422 alii
268 392 321 421 alia
338 397 419 431 peste
435 392 580 432 absumpti
596 393 663 422 sint.

166 434 264 474 Capua
287 444 302 464 a
326 434 497 464 consulibus
519 435 622 465 iterum
644 444 755 465 summa
778 435 802 464 vi
825 436 952 465 obsideri
977 441 1080 475 coepta
1097 440 1149 471 est,
1165 437 1203 465 2⁰

31 495 34 498 ·
83 486 214 517 quaeque
230 477 259 506 in
284 486 346 506 eam
362 486 422 506 rem
440 486 515 516 opus
531 483 613 508 erant
629 478 888 517 comportabantur
904 478 1149 517 parabanturque.

82 519 240 550 Casilinum
257 520 435 549 frumentum
453 526 641 556 convectum3
659 521 692 550 ad
709 520 842 550 Volturni
859 521 982 556 ostium,
1005 521 1054 550 ubi
1071 530 1151 550 nunc
1166 525 1180 549 2

82 561 152 592 urbs
168 567 227 596 est,
245 562 395 591 castellum
413 563 625 592 communitum
642 564 673 592 in
688 572 772 602 eoque
787 568 811 592 et
829 563 954 593 Puteolis
969 581 1009 584 —
1026 564 1056 593 id
1070 565 1150 602 oppi-

83 604 149 635 dum
164 610 231 634 ante
254 604 360 634 Fabius
383 605 524 634 Maximus
546 606 691 635 munierat
707 623 747 627 —
769 606 946 645 praesidium
969 606 1148 645 impositum,

81 651 114 677 ut
129 655 207 676 mare
223 647 387 686 proximum
405 652 432 676 et
448 647 555 677 [lumen
570 648 598 677 in
613 653 755 687 potestate
771 653 868 678 esseut.
900 649 929 678 in
947 658 978 678 ea
994 649 1052 678 duo
1066 648 1151 678 mari·
1167 652 1181 677 3

82 690 149 719 tima
171 689 287 719 castella
309 690 505 725 frumentum,
528 691 606 729 quod
630 700 663 720 ex
681 690 813 720 Sardinia
836 700 931 730 nuper
952 691 1073 720 missum
1091 695 1151 720 erat

82 731 219 771 quodque
236 732 273 761 M.
290 732 392 762 lunius
408 737 525 771 praetor
548 742 581 762 ex
597 733 712 762 Etruria
735 738 899 769 coemerat,
922 733 957 763 ab
975 733 1055 763 Ostia
1080 742 1151 763 con-

80 778 194 804 vectum
212 779 264 810 est,
281 779 311 804 ut
328 775 467 804 exercitui
484 784 536 814 per
552 776 678 805 hiemem
695 775 777 815 copia
801 781 886 805 esset.
918 781 1047 806 ceterum
1063 785 1151 814 super
1167 780 1182 804 4

81 825 144 846 eam
159 817 280 851 cladem,
293 826 366 856 quae
383 817 412 846 in
425 816 551 847 Lucanis
566 823 684 857 accepta
701 823 771 853 erat,
787 819 925 848 volonum
939 827 1057 857 quoque
1070 827 1152 848 exer-

81 859 165 894 citus,
182 859 231 898 qui
245 859 306 888 vivo
324 859 454 889 Graccho
471 868 583 890 summa
596 861 651 890 fide
664 860 807 900 stipendia
822 862 938 895 fecerat,
955 861 1032 890 velut
1047 870 1152 890 exauc-

83 906 195 931 toratus
211 907 304 931 morte
320 902 402 931 ducis
418 902 452 931 ab
469 902 561 940 signis
577 903 716 932 discessit.

166 943 311 974 Hannibal
329 953 386 973 non
405 944 533 983 Capuam
550 945 712 983 neglectam
729 954 824 984 neque
841 945 870 974 in
888 950 968 975 tanto
984 944 1152 975 discrimine
1166 949 1181 973 5

82 986 213 1016 desertos
229 986 342 1016 volebat
358 987 469 1022 socios;
487 987 536 1016 sed
553 997 696 1026 prospero
713 997 746 1016 ex
764 988 925 1017 temeritate
941 988 1029 1017 unius
1045 987 1151 1017 Roma-

81 1029 111 1058 ni
128 1029 210 1058 ducis
225 1038 363 1058 successu
380 1030 409 1058 in
424 1028 543 1058 alterius
566 1030 648 1059 ducis
671 1030 875 1069 exercitusque
899 1030 1085 1069 opprimendi
1102 1039 1152 1059 oc-

81 1111 131 1144 vgl.
155 1113 174 1139 l,
191 1113 290 1144 30,10;
310 1113 350 1143 22,
365 1114 406 1142 47,
420 1114 444 1138 4.
473 1112 533 1137 Zum
545 1112 590 1138 Ge-

81 1145 180 1171 danken
198 1146 250 1177 vgl.
270 1147 310 1175 27,
329 1148 370 1176 27,
389 1147 413 1172 6.

118 1181 154 1204 16.
172 1181 232 1212 pro]
251 1193 284 1201 =
298 1178 512 1212 ‘entsprechend'.

117 1215 154 1238 17.
174 1214 228 1237 alia
246 1215 326 1246 peste]
347 1214 398 1246 vgl.
419 1216 458 1245 23,
477 1216 518 1245 48,
532 1216 555 1240 S.

113 1246 232 1274 20—22.
250 1247 398 1280 Niederlage
417 1248 461 1273 des
476 1248 519 1273 Cn.
534 1248 589 1273 Ful-

81 1281 136 1306 vius
155 1281 268 1306 Flaccus.
303 1281 460 1314 Belagerung
480 1282 589 1315 Kapuas.

113 1314 159 1342 20.
183 1318 202 1340 l.
224 1317 328 1345 iterum]
348 1324 367 1341 s.
390 1318 428 1347 15,
450 1318 487 1342 18.

114 1351 136 1375 2.
157 1349 192 1374 aa
203 1348 331 1374 I'otturni
341 1351 446 1380 ostium]
466 1358 486 1375 s.
498 1352 538 1382 36,
549 1351 590 1381 37,

81 1384 108 1412 3;
128 1383 180 1416 vgl.
195 1384 235 1413 32,
246 1385 269 1413 ἲ,
280 1385 308 1409 3:
330 1384 481 1408 Castrorum
500 1387 590 1416 por-to-

53 1435 57 1438 .
80 1419 158 1448 rium,
178 1425 228 1449 quo
248 1419 276 1442 in
296 1418 352 1442 loeo
371 1426 443 1442 nunc
462 1418 589 1450 oppidum

80 1454 128 1480 est:
148 1451 187 1476 die
206 1450 278 1476 Stadt
298 1451 374 1476 heit'st
385 1452 549 1481 Volturnum:
569 1460 590 1477 s.

81 1486 120 1515 34,
138 1487 180 1516 45,
203 1487 223 1510 l.
244 1499 272 1503 —
294 1487 322 1510 in
342 1494 370 1510 eo
385 1504 391 1510 .
403 1506 409 1511 .
425 1485 588 1519 impositum]

79 1519 130 1552 vgl.
150 1520 419 1552 s,23,6;31,1S,S;
440 1521 589 1551 3ss,12,11;

80 1554 171 1584 43,19,
185 1556 209 1581 t:
229 1555 269 1585 45,
281 1555 322 1583 26,
337 1556 359 1582 [ς
379 1553 470 1578 andere
489 1553 589 1579 Konstr.

80 1588 120 1618 44,
131 1588 154 1618 6,
168 1589 208 1615 10;
228 1587 369 1619 iiberhaupt
388 1587 477 1613 anders
496 1589 537 1619 24,
549 1589 590 1618 37,

80 1622 105 1646 8.
123 1635 156 1639 —
175 1629 248 1646 mare
265 1621 431 1654 proximum]
455 1622 530 1646 naml.
551 1622 590 1646 bei

81 1654 192 1686 Puteoli,
218 1655 338 1680 wahrend
363 1656 461 1686 flumen
480 1655 524 1680 auf
544 1655 588 1681 das

80 1687 174 1714 Kastell
199 1690 266 1722 geht.
294 1704 327 1707 —
355 1691 382 1714 ι’7ι
408 1692 538 1722 potestate
557 1709 563 1715 .
583 1710 588 1715 .

81 1724 171 1754 essene]
201 1724 275 1748 n‘aml.
299 1731 348 1748 sua
376 1723 436 1748 oder
460 1723 589 1748 Romano-

80 1764 152 1785 rum:
172 1765 191 1782 s.
210 1758 234 1787 9,
253 1760 293 1788 38,
316 1759 340 1787 1;
362 1759 402 1789 35,
421 1759 462 1788 42,
482 1760 505 1783 ⁴.

115 1791 138 1817 3.
167 1791 200 1815 ³1.
221 1791 321 1822 lunius}
345 1800 364 1816 s.
385 1793 409 1822 3,
428 1794 456 1821 23
483 1792 523 1816 die
542 1791 590 1817 Ge-

82 1824 276 1858 treidesendung
302 1826 334 1850 ist
357 1826 413 1851 eine
438 1826 529 1850 andere
552 1826 590 1851 als

81 1857 120 1883 die
143 1860 179 1889 15,
198 1861 214 1884 4
239 1859 377 1885 erwahnte.
396 1874 429 1878 -
448 1860 481 1884 ab
507 1860 588 1890 Ostia]

82 1891 166 1917 wohin
191 1900 217 1918 es
241 1893 366 1926 vorlaufig
390 1893 509 1926 gebracht
529 1901 589 1919 war.

115 1927 138 1951 4.
176 1928 298 1957 celerum]
329 1928 427 1952 hiermit
458 1928 517 1961 geht
547 1927 590 1952 der

642 1112 768 1137 Schristst.
779 1112 842 1137 nach
862 1112 910 1138 den
929 1113 1153 1138 verschiedenarti-

642 1154 689 1179 gen
701 1146 893 1178 Gegenstiinden
907 1147 934 1179 (ξ
948 1149 1021 1179 1-3)
1035 1146 1078 1171 auf
1088 1146 1152 1179 Kap.

645 1182 674 1206 19
693 1181 800 1209 zuriick;
820 1189 840 1206 s.
857 1182 897 1212 23,
908 1182 931 1213 2,
943 1183 966 1207 6.
985 1195 1018 1199 -
1037 1189 1117 1213 snper
1128 1200 1151 1206 ..

643 1215 752 1245 cladem]
782 1223 862 1247 super
889 1217 922 1240 ist
946 1215 985 1240 bei
1010 1215 1062 1239 Liv.
1089 1222 1152 1247 ganz

642 1248 801 1280 gewohnlich
811 1261 844 1270 =
854 1252 971 1281 p1·aete1·;
989 1257 1009 1274 s.
1021 1250 1062 1280 21,
1073 1250 1113 1278 46,
1128 1251 1151 1278 1;

642 1284 682 1313 22,
701 1284 726 1313 3,
748 1284 785 1307 14.
804 1284 828 1312 6,
851 1285 891 1311 11;
918 1284 958 1314 27,
977 1285 1019 1314 20,
1039 1284 1068 1308 10
1088 1290 1110 1307 u.
1130 1290 1152 1307 a.

641 1330 675 1334 —
694 1316 826 1347 volonum]
850 1325 870 1341 s.
896 1318 936 1346 24,
958 1319 996 1348 14,
1015 1319 1038 1342 3.
1056 1331 1089 1334 -—
1108 1324 1153 1340 ea:-

644 1352 807 1381 auctoratus]
835 1347 890 1375 ‘des
913 1350 1070 1375 Falineneids
1097 1353 1152 1375 ent-

643 1381 760 1413 bunden'3
789 1392 809 1410 s.
835 1386 858 1413 S,
884 1386 923 1414 34,
947 1386 975 1416 93
1001 1386 1042 1415 41,
1062 1386 1085 1415 5,
1106 1386 1152 1413 11;

644 1418 725 1443 vetut:
752 1418 809 1442 weil
831 1418 884 1443 dies
908 1418 977 1443 nicht
1000 1418 1079 1443 durch
1103 1417 1152 1443 den

641 1451 697 1476 Tod
725 1451 768 1477 des
793 1452 943 1483 Feldherrn,
969 1452 1077 1478 sondern
1106 1460 1153 1477 nur

643 1485 720 1511 durch
732 1486 1028 1518 ffirmlicheEntbindung
1038 1494 1089 1511 von
1095 1486 1152 1511 dem

642 1519 703 1545 Eide
716 1520 827 1552 erfolgen
842 1520 948 1549 konnte;
968 1528 988 1545 s.
999 1528 1030 1545 zu
1042 1522 1065 1551 2,
1077 1521 1117 1551 32,
1129 1522 1152 1545 2.

641 1553 685 1578 Die
699 1553 813 1579 Volonen
833 1555 933 1579 werden
953 1554 1007 1579 also
1020 1554 1057 1579 als
1071 1554 1152 1587 regel-

641 1587 749 1620 massige
768 1588 901 1619 Soldaten,
926 1588 1003 1613 daher
1021 1589 1062 1620 22,
1081 1590 1095 1613 3
1116 1588 1152 1613 als

642 1622 786 1646 desertores
813 1623 954 1648 betrachtet
982 1622 1033 1647 und
1057 1622 1088 1647 da
1116 1622 1152 1647 sie

641 1657 682 1686 27,
701 1657 742 1686 33,
764 1658 792 1681 10
812 1656 835 1681 1η
861 1656 901 1681 die
920 1656 1046 1688 Legionen
1066 1656 1152 1688 einge-

641 1690 706 1715 reiht.
718 1690 828 1721 werden,
849 1691 917 1715 nicht
937 1691 1011 1715 allein
1025 1690 1062 1715 als
1074 1690 1151 1722 Freie,

641 1723 750 1749 sondern
769 1724 831 1749 auch
847 1724 883 1749 als
894 1724 989 1756 Blirger
1003 1723 1151 1753 hehandelt;

641 1758 692 1790 vgl.
712 1757 807 1783 Becker
826 1760 849 1789 2,
873 1761 892 1789 l,
912 1760 951 1784 78.

677 1794 700 1817 5.
719 1793 747 1816 in
765 1812 770 1817 .
784 1812 789 1817 .
807 1794 971 1817 occasionem
990 1792 1151 1822 imminebat]

643 1833 662 1850 s.
686 1827 727 1856 23,
753 1827 791 1856 16,
813 1828 838 1854 3:
867 1828 907 1856 30,
927 1827 966 1856 28,
987 1827 1014 1851 9:
1044 1827 1071 1849 in
1089 1834 1151 1858 pro-

642 1860 769 1891 pinquam
783 1868 840 1884 eam
856 1861 1016 1891 (uictoriam)
1035 1861 1152 1884 immine-

643 1894 707 1917 bant
733 1895 840 1923 αγιίπιίες
875 1894 905 1918 da
935 1901 961 1918 er
988 1893 1082 1926 infolge
1109 1893 1152 1918 der

643 1926 823 1952 Tollkfihnheit
842 1928 910 1953 eines
924 1928 1059 1953 Anfiihrers
1078 1927 1151 1953 einen
