1332 2150
71 118 90 132 ι.
102 111 150 132 chr.
161 117 182 131 n.
192 111 235 131 210.

424 102 516 127 Lim-:a
537 102 623 127 xxw.
660 102 730 127 CAP.
749 104 790 128 40.

1084 101 1142 131 107

72 188 114 219 rei
129 188 273 226 gerendae
289 188 403 223 modus,
421 193 535 227 portam
551 188 586 217 ad
603 196 681 217 mare
698 188 839 218 seientem
857 188 998 218 Numidae
1014 197 1080 218 cum
1095 197 1145 218 oc-

71 235 229 270 cupassent
246 231 337 269 pulsis
354 230 421 259 inde
437 230 608 260 custodibus
620 235 670 260 aut
682 231 783 266 caesis,
801 231 949 260 Romanos
960 232 994 260 ad
1007 231 1144 270 idipsum

71 273 177 303 missos
194 272 222 302 in
241 273 343 302 urbem
360 278 546 312 acceperunt.
579 278 605 302 et
621 282 687 303 cum
704 274 819 311 agmine
836 273 891 302 iam
909 274 938 303 in
955 274 1047 303 media
1065 273 1146 303 urbis
1161 280 1176 303 9

71 325 104 346 ac
119 315 216 344 sorum
240 324 347 354 magno
371 316 496 345 tumultu
520 315 628 350 iretur,
652 320 733 345 ratus
755 316 861 345 Hanno
884 326 942 345 non
964 316 1041 345 aliud
1059 325 1145 355 quam

38 386 42 389 .
71 358 228 388 tumultum
244 367 278 387 ac
294 358 500 392 secessionem,
518 358 544 387 id
562 358 639 397 quod
656 363 682 387 et
699 363 766 387 ante
782 358 934 393 acciderat,
954 358 1144 388 Numidarum

71 409 134 430 esse
149 400 183 429 ad
200 400 441 439 conprimendam
458 400 631 430 seditionem
656 401 808 440 processit.
839 405 927 439 atque
943 401 1005 436 ille,
1031 410 1096 430 cum
1120 402 1146 431 ei
1164 407 1192 431 10

70 442 225 472 multitudo
241 443 333 472 maior
347 452 433 481 quam
447 442 634 472 Numidarum
648 443 750 482 procul
763 443 820 472 visa
835 448 862 472 et
875 443 984 472 clamor
996 443 1145 473 Romanus

71 485 293 524 haudquaquam
308 485 425 523 ignotus
439 486 473 514 ad
485 485 564 515 auris
576 485 736 520 accidisset,
754 486 923 524 priusquam
939 486 974 515 ad
990 486 1079 515 ictum
1096 486 1144 515 teli

70 527 194 562 veniret,
211 528 335 566 capessit
353 528 459 565 sugam.
491 537 544 567 per
560 537 687 557 aversam
706 534 820 566 portam
843 529 967 557 emissus
988 529 1144 567 adsumpto
1164 534 1187 557 11

70 570 176 600 comite
188 570 318 609 Epicyde
334 580 400 599 cum
418 571 519 609 paucis
530 570 564 599 ad
578 579 656 599 mare
670 571 811 609 pervenit,
829 571 966 609 nactique
978 576 1145 609 opportune

70 621 190 652 parvum
209 612 354 650 navigium
375 613 475 642 relicta
499 613 632 642 hostibus
648 613 761 647 Sicilia,
781 613 816 642 de
839 622 895 651 qua
918 623 970 652 per
993 618 1036 642 tot
1051 622 1145 642 annos

70 660 211 685 certatum
235 659 304 690 erat,
323 655 352 684 in
370 655 496 684 Africam
513 655 698 684 traiecerunt.

70 697 297 736 Siculorumque
314 707 350 726 ne
366 702 506 736 temptato
519 698 636 736 quidem
649 698 807 727 certamine
823 707 889 727 cum
907 698 983 727 caeci
1001 699 1030 727 in
1048 699 1145 737 sugam

69 745 204 774 ruerent,
228 740 378 778 clausique
399 740 492 769 exitus
509 745 620 774 essent,
644 740 720 769 circa
738 745 836 779 portas
852 750 943 769 caesa.
975 741 1083 780 oppido
1100 750 1146 770 re-
1165 746 1190 770 13

70 787 155 821 cepto
173 782 332 818 Laevinus,
355 782 404 821 qui
422 783 515 821 capita
539 792 636 812 rerum
654 783 804 820 Agrigenti
822 788 920 818 eraut,
941 783 1029 821 virgis
1045 792 1145 812 caesos

69 825 165 854 securi
183 825 341 864 percussit,
357 830 471 854 ceteros
489 825 684 864 praedamque
698 825 842 860 vendidit;
860 835 976 854 omnem
989 825 1145 864 pecuniam
1162 831 1191 855 14

69 866 191 896 Romam
213 867 298 896 misit.
338 867 412 896 sama
439 867 699 905 Agrigentinorum
723 868 811 897 cladis
835 867 963 897 Siciliam
986 877 1053 897 eum
1078 878 1144 907 per-

68 910 198 943 vasisset,
215 910 311 938 omnia
331 914 454 948 repente
475 910 509 939 ad
523 909 670 939 Romanos
683 910 908 939 inclinaverunt.
940 911 1053 949 prodita
1066 911 1145 940 brevi

69 956 138 981 sunt
153 951 254 990 viginti
278 952 402 991 oppida,
426 961 475 981 sex
498 953 523 981 vi
549 958 646 992 capta,
670 952 831 982 voluntaria
848 953 996 982 deditione
1013 953 1041 982 in
1060 953 1144 983 fidem

69 1016 172 1050 modus]
191 1018 242 1050 vgl.
262 1019 302 1047 22,
313 1019 353 1049 22,
366 1020 405 1043 16.
424 1032 456 1036 -
474 1021 580 1049 pot-lam

88 1052 242 1083 ,ser-entem]
267 1051 328 1076 kurz
353 1054 415 1076 statt
432 1049 486 1077 das
505 1052 580 1082 Thor,

68 1085 146 1110 durch
171 1086 281 1110 welches
305 1085 349 1110 der
368 1086 478 1118 Weg..
495 1083 578 1113 fiihrt':

68 1119 162 1144 ebenso
173 1121 196 1149 6,
207 1120 231 1144 3.
245 1133 279 1137 —-
298 1119 333 1143 ad
351 1127 425 1143 mare
442 1121 579 1150 serentem]

67 1153 190 1186 Agrigent
208 1153 250 1185 lag
266 1154 295 1178 13
306 1152 409 1177 Stadien
424 1161 482 1177 vom
497 1153 579 1178 Meere

67 1187 183 1212 entsernt.
203 1201 234 1205 —
254 1187 282 1211 id
301 1186 396 1219 ipsum]
415 1195 435 1212 s.
455 1189 495 1216 2-1,
512 1189 576 1218 3,15

67 1229 91 1246 ιι.
111 1228 132 1245 a.

101 1256 125 1280 9.
147 1256 262 1286 agmine]
281 1251 314 1278 ‘in
334 1254 427 1279 vollem
446 1252 532 1287 Zuge‘;
558 1263 578 1279 s.

70 1291 91 1319 1,
110 1291 133 1320 6,
153 1290 176 1314 2.
196 1303 227 1306 ——
247 1289 333 1312 media
354 1289 435 1319 urbis}
456 1297 475 1313 s.
495 1292 518 1318 5,
539 1290 579 1319 29,

67 1325 94 1351 4:
115 1330 145 1347 zu
168 1324 273 1353 1,57,9.
293 1337 325 1341 —
345 1324 506 1353 tmnuttu..]
525 1323 578 1354 vgl.

67 1359 108 1416 Ξ-ῧ,
127 1358 173 1416 ξ4,
197 1358 218 1382 S.
243 1370 277 1375 —·
304 1357 532 1388 conprimendam]
560 1364 579 1381 s.

102 1410 108 1422 ‚
145 1410 150 1415 .

104 1426 142 1450 10.
163 1427 242 1456 alque
262 1424 315 1454 ille]
337 1424 382 1448 wir
394 1423 493 1448 deuken
508 1424 579 1448 einen

67 1458 120 1491 Geg
122 1461 221 1485 ensatz;
253 1458 287 1482 im
314 1458 487 1482 Laleinischen
517 1458 579 1483 wird

68 1467 127 1517 abegr
145 1493 185 1517 die
210 1492 308 1524 gleiche
328 1491 469 1523 Giiltigkeit
496 1492 580 1516 beider

68 1526 151 1557 Satze,
163 1526 203 1550 die
218 1533 274 1550 man
289 1526 357 1550 nicht
369 1527 449 1550 neben
461 1525 580 1550 einander

68 1564 199 1590 emanet,
219 1560 378 1584 bezeichnet.
399 1556 578 1592 ‘gleiehwohl‘-

68 1601 88 1619 s.
107 1595 148 1624 25,
166 1596 208 1624 22,
232 1596 273 1619 ¹3:
299 1597 377 1625 atque
396 1596 442 1618 ita
461 1608 494 1611 -
514 1595 578 1624 tim]

69 1628 175 1653 namlich
194 1631 273 1654 esset:
300 1636 319 1652 s.
340 1635 370 1652 zu
390 1629 431 1657 27,
450 1630 473 1652 6.
492 1642 526 1646 —
545 1628 580 1652 ud

70 1664 143 1686 auris
162 1662 310 1692 accidisset]
331 1669 351 1686 s.
362 1669 392 1686 zu
412 1663 452 1689 24.
463 1664 503 1692 46,
514 1664 537 1687 5.
547 1676 578 1680 -

71 1695 107 1720 ad
124 1697 202 1720 ictum
222 1696 284 1721 leli.
297 1697 313 1726 .]
332 1703 352 1720 s.
363 1697 404 1725 27,
420 1697 511 1725 13,11:
532 1697 578 1719 sub

70 1730 150 1754 ictum
168 1733 309 1757 venerunt;
330 1731 370 1759 37,
384 1731 423 1757 21.
438 1731 466 1756 S:
486 1731 526 1761 43,
543 1733 579 1759 10,

72 1764 100 1791 5;
119 1763 168 1795 vgl.
187 1766 211 1796 4,
230 1766 258 1793 7;
283 1766 325 1793 24,
347 1766 387 1794 34,
411 1766 453 1790 10:
477 1765 518 1794 28,
538 1766 578 1794 30,

71 1798 99 1824 8;
118 1804 147 1821 zu
167 1798 206 1828 30,
220 1799 261 1828 29,
280 1800 308 1824 9:
328 1797 387 1822 Tac.
407 1799 471 1822 Aun.
485 1799 523 1827 13,
534 1800 577 1825 40:

71 1828 169 1855 =‘ehe
181 1839 207 1856 er
219 1832 339 1864 getroffen
352 1831 453 1856 werden
468 1828 578 1859 konnte';

72 1864 139 1889 nicht
152 1867 216 1890 etwa
227 1876 259 1886 =
269 1865 347 1890 bevor
357 1873 383 1890 er
393 1866 446 1890 sein
455 1865 578 1890 Geschors

71 1898 197 1924 abwerl'en
211 1899 304 1924 konnte
317 1902 347 1930 (5.
358 1901 398 1929 23,
411 1900 450 1929 36,
461 1901 489 1924 9:
510 1900 546 1923 ad
555 1918 561 1924 .
572 1919 578 1924 .

71 1934 218 1958 coniectum
237 1933 294 1962 tet1';
313 1935 337 1964 2,
351 1936 391 1964 31,
402 1935 430 1960 6:
443 1935 483 1963 33,
494 1935 533 1962 27,
544 1936 579 1964 4),

632 1019 697 1043 auch
717 1018 864 1043 nicht=in
883 1018 1053 1044 Schussweite
1072 1021 1102 1049 (5.
1122 1021 1145 1050 8,

634 1054 656 1082 7,
672 1055 696 1076 l:
717 1053 763 1076 leli
780 1054 872 1083 iactu),
891 1053 922 1077 da
935 1061 960 1077 er
971 1052 1036 1078 ohne
1048 1053 1145 1078 Waffen

633 1086 759 1111 erscheint
784 1086 833 1111 und
859 1087 935 1111 durch
963 1087 1017 1111 sein
1042 1087 1144 1112 Ansehn

631 1120 672 1144 die
690 1119 770 1145 Saehe
790 1121 904 1152 beilegen
925 1121 985 1146 will

668 1156 707 1178 11.
728 1162 847 1178 avet-sam
866 1162 916 1186 11⁰1
919 1156 980 1185 tam]
1000 1162 1020 1179 s.
1031 1156 1055 1185 4,
1066 1157 1106 1186 46,
1117 1157 1144 1183 6;

632 1188 707 1212 naml.
728 1189 760 1211 ab
781 1189 1033 1221 l1ost1b11s2vgl.zu
1053 1190 1145 1219 24,17,

631 1224 654 1247 3.
667 1236 698 1240 -
716 1222 854 1254 Epicyde.
866 1224 921 1252 .]5.
934 1224 1074 1254 zu1,2·1‚3
1088 1208 1145 1247 und

631 1257 672 1287 24,
683 1257 723 1286 47,
736 1257 776 1284 13;
795 1264 838 1280 zur
848 1256 959 1282 Saehes
970 1256 1038 1282 Ειιῑι·
1049 1264 1071 1280 a.
1083 1264 1104 1281 a.
1116 1256 1145 1282 0.

631 1304 664 1307 —-
688 1298 737 1320 per
757 1293 794 1314 {ot
813 1292 906 1320 annos]
934 1290 1007 1315 naml.
1027 1298 1076 1314 xon
1097 1290 1144 1315 den

632 1323 740 1348 Puniern
766 1327 849 1348 zuerst
876 1325 921 1348 mit
944 1324 992 1348 den
1018 1324 1144 1354 Sikulern,

632 1357 698 1381 daun
718 1358 763 1382 mit
781 1358 828 1382 den
844 1357 960 1387 Rbmern,
982 1358 1050 1382 nicht
1069 1358 1143 1383 allein

632 1391 657 1415 in
667 1391 724 1415 dem
737 1392 943 1424 gcgenwartigen
953 1392 1056 1424 Kriege:
1070 1400 1091 1417 5.
1104 1394 1144 1424 27,

632 1428 656 1455 5,
677 1428 699 1450 3.

669 1460 706 1484 12.
727 1459 792 1490 alfa]
812 1459 836 1483 in
858 1459 941 1491 Bezug
960 1459 1003 1483 auf
1021 1460 1074 1483 ille.

669 1495 706 1518 13.
735 1494 850 1524 recepto]
884 1494 974 1518 anders
1003 1495 1042 1523 32,
1062 1495 1085 1518 2.
1112 1508 1145 1511 -

633 1529 766 1558 caplim]
786 1535 806 1552 s.
826 1528 901 1557 6,10,
921 1529 948 1553 5:
968 1529 1093 1558 9,24,14.
1112 1542 1144 1545 ——

631 1561 820 1592 praedamque]
846 1561 883 1586 sie
908 1561 970 1585 wird
993 1569 1082 1594 wegen
1102 1561 1145 1586 der

632 1595 769 1619 Finauznot
797 1595 842 1619 des
868 1596 968 1620 Staates
997 1603 1060 1627 ganz
1089 1603 1145 1620 ver-

632 1628 715 1660 kaurn
741 1633 814 1654 sonst
832 1629 944 1653 erhalten
963 1628 1003 1654 die
1023 1629 1144 1654 Soldaten

633 1663 705 1688 einen
726 1662 780 1687 Teii
800 1663 939 1688 derselben.

668 1699 707 1722 14.
727 1699 753 1720 υἱ
771 1696 860 1729 capta]
881 1697 932 1721 Cic.
946 1697 969 1721 in
983 1697 1052 1721 Vei-r.
1065 1699 1144 1728 3,13:

630 1738 781 1762 perpaucae
805 1731 914 1755 Siciliae,
941 1733 1060 1755 civilales
1083 1735 1145 1756 sunt

632 1765 698 1788 bello
707 1784 713 1789 .
723 1783 728 1789 .
737 1766 875 1794 subucula,-
886 1773 1000 1796 quarum
1011 1773 1076 1796 ager·
1086 1773 1144 1790 cum

632 1801 696 1822 essee
714 1799 835 1830 publicus
853 1807 877 1830 Ι).
893 1798 920 1823 li.
940 1799 1038 1831 fact-us,
1057 1803 1143 1824 tamen

631 1833 686 1856 illis
697 1835 734 1856 est
753 1833 888 1856 redditus:
909 1835 930 1856 is
945 1841 1011 1863 ager
1025 1841 1040 1856 a
1055 1841 1143 1858 censo-

631 1867 704 1890 ribus
721 1866 895 1898 loca1-isolet;
915 1866 1032 1891 hiernach
1046 1867 1144 1892 scheint

631 1900 718 1924 Cicero
736 1900 776 1924 die
797 1901 907 1932 prodita
927 1900 995 1925 nicht
1013 1909 1044 1926 zu
1062 1901 1144 1927 dieser

631 1934 738 1958 zweiten
750 1934 837 1959 Klasse
850 1942 881 1959 zu
895 1935 1011 1966 rechnen,
1025 1935 1143 1968 obgleich

729 656 783 684 alia
805 656 961 685 multitudo
979 655 1146 685 Poenorum
1165 661 1191 685 12
