1332 2150
443 102 535 128 Lmen
554 101 626 128 xxv.
661 101 731 127 CAP.
751 103 791 127 27.
1090 97 1147 128 181

86 122 105 136 n.
117 114 164 135 Chr.
172 119 194 134 n.
203 112 246 133 212.

85 192 148 222 lites
160 190 283 224 ruerant,
297 199 334 218 ιιι*
348 194 565 228 occupaverant,
578 187 654 217 haud
667 196 770 226 magna
783 187 900 226 oppida,
914 191 1043 216 ceterum
1055 190 1082 215 et
1092 186 1149 216 situ

85 238 113 264 et
123 231 312 262 munimentis
325 236 401 267 tuta;
416 231 468 260 tria
481 231 558 260 milia
570 229 692 260 alterum
706 230 740 260 ab
755 229 915 268 Syracusis,
927 229 1049 259 alterum
1062 228 1148 268 quin-

85 275 176 306 decim
192 274 281 304 abest.
311 283 345 303 eo
361 279 389 303 et
406 278 584 303 commeatus
596 282 611 302 e
629 272 792 302 civitatibus
808 272 868 301 suis
883 271 1105 310 comportabant
1121 275 1149 300 et

84 317 187 348 auxilia
203 315 397 346 accersebant.
421 316 530 345 interea
544 314 686 344 Bomilcar
699 315 804 344 iterum
818 323 884 344 cum
897 314 987 343 classe
1001 314 1149 352 protectus
1164 317 1178 342 2

85 359 286 398 Carthaginem
302 359 339 388 ita
356 358 485 397 exposita
502 359 618 388 l'ortnna
634 357 796 392 sociorum,
820 362 850 386 ut
866 365 948 395 spem
965 357 1073 385 faceret
1090 365 1149 385 non

85 403 156 442 ipsis
170 402 256 432 modo
272 401 426 431 salutarem
442 410 527 439 opem
545 400 613 430 ferri
631 409 730 439 posse,
755 399 804 429 sed
822 399 968 428 Romanos
985 407 1102 437 quoque
1118 398 1148 427 in

85 450 168 485 capta
185 444 308 483 quodam
324 443 410 473 modo
428 443 500 473 urbe
514 443 589 482 capi,
606 442 744 482 perpulit,
760 447 793 471 nt.
806 441 954 471 onerarias
967 450 1053 470 naves
1065 449 1151 479 quam
1167 445 1181 469 3

86 488 232 528 plurumas
248 486 327 516 omni
344 486 427 524 copia
445 495 541 515 rerum
558 489 678 514 onustas
693 494 793 514 secum
809 484 958 513 mitterent
971 483 1151 522 classemque

84 538 165 560 suam
177 534 325 567 augerent.
349 529 437 566 igitur
449 533 566 558 centum
579 527 695 566 triginta
708 527 829 557 navibus
841 526 947 565 longis,
959 525 1153 564 septingentis
1167 530 1180 554 4

85 571 226 602 onerariis
241 572 390 610 profectus
405 580 420 600 a
439 570 613 609 Carthagine
636 570 704 600 satis
727 578 884 609 prosperos
908 573 1009 598 ventos
1024 568 1058 597 ad
1082 568 1151 597 trai-

84 614 219 646 ciendum
242 614 271 643 in
288 613 415 643 Siciliam
437 613 546 642 habuit.
577 613 627 642 sed
650 612 736 642 iidem
758 611 834 641 venti
857 620 995 650 superare
1015 619 1080 640 eum
1097 610 1152 639 Pa-

84 658 210 696 chynum
221 655 425 695 prohibebant.
438 655 608 685 Bomilcaris
617 655 756 684 adventus
765 655 838 684 sama
849 654 953 693 primo,
962 653 1028 682 dein
1037 657 1154 692 praeter
1168 657 1183 681 5

85 708 165 739 spem
182 707 263 728 mora
279 707 346 728 curn
363 698 499 737 gaudium
516 702 544 727 et
559 702 669 727 metum
686 697 714 727 in
731 697 822 727 vicem
840 696 978 726 Romanis
996 695 1153 734 Syracusa—

86 742 188 781 nisque
204 740 395 780 praebuisset,
413 740 556 780 Epicydes
568 745 712 776 metuens,
730 749 766 769 ne
782 740 806 768 si
819 743 976 778 pergerent
988 738 1085 773 iidem,
1102 737 1152 776 qui
1168 741 1183 766 6

84 790 145 814 turn
166 783 318 819 tenebant,
340 783 375 812 ab
400 789 466 812 ortu
489 783 558 812 solis
580 783 647 812 flare
672 792 724 821 per
745 783 806 812 dies
822 781 922 821 plures
936 781 1031 814 venti,
1053 780 1154 810 classis

84 827 194 865 Punica
204 826 329 855 Africam
341 830 496 864 repeteret,
509 825 611 854 tradita
621 825 782 854 Achradina
795 824 1064 853 mercennariorum
1078 822 1153 851 mili·
1168 827 1182 850 ἰ’

86 874 147 899 tum
171 869 294 898 ducibus
315 868 349 898 ad
366 868 556 897 Bomilcarem
582 868 704 906 navigat.
735 867 854 896 classem
879 867 908 895 in
930 866 1055 896 statione
1072 873 1154 894 versa
1168 868 1184 893 8

86 912 115 941 in
131 911 257 941 Africam
273 910 428 940 habentem
445 914 532 949 atque
548 911 699 939 timentem
719 909 818 939 navale
834 908 997 948 proelium,
1020 917 1080 937 non
1098 912 1154 936 tam

86 954 163 993 quod
187 954 279 992 impar
301 953 409 982 viribus
431 958 480 982 aut
502 962 625 982 numero
648 952 765 982 navium
782 957 857 981 esset
877 969 919 972 —
942 951 1052 990 quippe
1069 950 1156 979 etiam

86 996 186 1036 plures
197 995 319 1025 habebat
332 1012 383 1030 ——,
401 1004 486 1034 quam
500 995 576 1034 quod
588 995 667 1024 venti
683 995 810 1033 aptiores
823 993 970 1023 Romanae
983 1001 1070 1031 quam
1086 1001 1156 1021 suae

86 1038 169 1068 classi
187 1038 300 1073 flarent,
317 1038 445 1077 perpulit
462 1042 569 1073 tamen,
586 1042 618 1067 ut
634 1038 781 1066 fortunam
799 1036 906 1065 navalis
923 1035 1089 1065 certaminis
1105 1043 1154 1063 ex—

85 1081 174 1120 periri
191 1080 283 1110 vellet.
315 1084 342 1109 et
360 1079 512 1110 Marcellus
528 1088 595 1110 cum
616 1084 644 1109 et
660 1079 791 1109 Siculum
808 1078 966 1108 exercitum
984 1087 1018 1107 ex
1034 1082 1092 1106 tota
1109 1076 1154 1106 in·
1169 1080 1184 1103 9

87 1123 148 1153 sula
170 1123 280 1152 conciri
302 1122 412 1152 videret
433 1127 461 1151 et
477 1131 542 1151 cnm
567 1122 678 1161 ingenti
696 1125 859 1151 commeatu
875 1121 997 1150 classem
1014 1119 1156 1149 Punicam

86 1165 249 1200 adventare,
266 1174 302 1194 ne
318 1165 404 1194 simul
421 1170 495 1194 terra
512 1165 642 1203 marique
658 1165 789 1194 inclusus
805 1163 877 1193 urbe
893 1163 1020 1192 hostium
1037 1171 1156 1200 urgere-

86 1213 142 1242 tur,
159 1216 336 1247 quamquam
352 1207 445 1246 impar
460 1216 583 1236 numero
601 1207 716 1236 navium
737 1211 815 1241 erat,
836 1205 992 1245 prohibere
1007 1205 1085 1234 aditu
1103 1203 1156 1243 Sy-

86 1294 197 1323 genannt
215 1290 296 1318 hatte:
321 1290 376 1315 eine
396 1297 447 1314 war
468 1290 595 1315 vielleicht

87 1324 172 1353 Bidis:
192 1332 211 1349 s.
237 1324 287 1349 Cic.
311 1324 336 1348 in
364 1324 431 1348 Verr.
460 1326 483 1353 2,
502 1325 542 1349 53.
562 1338 595 1342 —

87 1359 245 1391 quindecim]
275 1358 335 1382 siber
359 1357 404 1382 das
427 1357 520 1382 Fehlen
545 1365 595 1382 von

86 1393 160 1417 milia
179 1400 198 1418 s.
218 1394 259 1422 21,
278 1394 319 1422 59,
342 1393 365 1419 t:
392 1392 484 1417 ebenso
510 1391 596 1424 haufig

87 1426 148 1451 wird
165 1433 291 1457 passuum
303 1425 367 1450 nach
377 1426 461 1456 milia,
472 1426 520 1450 wie
535 1425 595 1455 hier„

87 1460 256 1493 ausgelassen.

121 1495 144 1520 2.
163 1496 200 1519 ica
211 1495 332 1526 emposica
343 1513 348 1518 .
359 1494 377 1525 ,1
396 1490 525 1523 ‘dadureh,
538 1492 595 1518 dass

88 1535 185 1554 er..so
204 1525 357 1552 sehilderte‘.

121 1563 143 1587 3.
162 1562 288 1594 por-pulit]
308 1561 415 1591 absolut,
435 1560 483 1585 wie
497 1563 517 1591 1,
529 1562 569 1589 ⁴5,
580 1561 594 1585 2

88 1595 139 1620 und
156 1599 227 1620 sonst
245 1595 294 1625 ott;
316 1595 366 1627 vgl.
387 1596 403 1626 ξ
422 1596 445 1619 8.
465 1596 505 1622 28,
523 1596 548 1620 5.
562 1609 595 1612 —

87 1631 171 1687 sums]
198 1629 238 1654 die
263 1637 307 1654 aus
330 1628 524 1661 Kriegssehilfen
553 1628 595 1653 be-

89 1666 144 1688 stan
163 1682 169 1688 .

122 1698 146 1722 4.
165 1700 267 1721 centum
281 1698 405 1728 triginta]
425 1704 444 1721 s.
456 1698 497 1725 25,
510 1697 548 1721 13.
564 1711 596 1714 —

91 1731 168 1754 iidem
186 1729 266 1764 venei]
287 1730 349 1755 nach
360 1731 375 1762 ξ
391 1733 417 1755 11
434 1730 532 1755 hindert
544 1730 596 1761 ihu,

91 1763 138 1788 wie
151 1764 281 1796 natiirlieh‚
299 1764 342 1790 der
352 1764 516 1790 Siidostwind
531 1764 556 1797 t§
567 1766 596 1789 6:

91 1796 134 1822 der
143 1797 279 1828 Ostwind);
298 1798 379 1824 dieser
389 1806 441 1823 war
450 1798 510 1829 ihm,
521 1805 596 1823 wenn

91 1837 118 1855 er
144 1838 192 1856 von
219 1831 344 1864 Karthago
377 1832 499 1857 zuniichst
532 1832 597 1856 nach

91 1863 210 1890 Heraklea
228 1866 336 1898 segelte,
359 1866 473 1891 ziemlich
493 1866 597 1898 gfinstig

93 1900 166 1927 (salis
183 1904 345 1931 prosperos),
369 1901 435 1926 denn
455 1907 482 1925 er
501 1900 597 1932 segelte

92 1932 137 1956 mit
159 1932 256 1958 halbem
275 1933 379 1963 Winde;
407 1934 465 1959 aber
489 1934 529 1958 bei
554 1933 598 1958 der

647 1289 798 1314 versuchten
812 1288 887 1314 Fahrt
905 1295 936 1313 an
955 1288 999 1312 der
1012 1287 1090 1312 Kuste
1103 1290 1157 1311 ent-

647 1324 706 1354 lang
726 1323 775 1347 und
790 1330 831 1347 um
845 1322 990 1354 Pachynum
1005 1322 1091 1346 herum
1104 1328 1158 1346 war

647 1357 697 1382 ihm
718 1356 761 1382 der
781 1356 903 1381 namne-he
918 1355 991 1380 Wind
1010 1355 1120 1379 kontriir.

683 1392 705 1416 6.
725 1391 856 1420 tenebant]
876 1390 928 1422 vgl.
948 1391 986 1419 15,
1010 1390 1046 1414 16.

682 1427 705 1450 7.
747 1426 991 1448 mercennariorum
1032 1423 1156 1453 militum]

647 1459 721 1484 meist
748 1458 814 1483 ohne
841 1458 888 1483 den
912 1457 1003 1482 Zusatz
1029 1457 1156 1486 militum;

647 1501 666 1518 s.
681 1492 776 1523 jedoch
796 1493 836 1521 29,
856 1494 887 1521 ὃς
907 1491 957 1523 vgl.
978 1493 1017 1522 30,
1037 1493 1060 1523 8,
1081 1493 1102 1516 S.

682 1528 705 1552 8.
732 1528 760 1550 in
778 1528 892 1550 statione
915 1534 990 1550 versa
1010 1528 1037 1549 in
1057 1545 1061 1550 .
1079 1524 1095 1557 .]
1115 1532 1158 1556 ge-

647 1568 724 1585 nauer
748 1560 817 1585 hatte
841 1560 893 1584 Liv.
913 1567 1014 1584 versam
1039 1558 1158 1589 (namlich

648 1594 766 1625 classem)
790 1596 893 1626 gesagt;
920 1593 986 1618 denn
1012 1593 1051 1617 die
1075 1593 1158 1617 Flotte

648 1628 727 1654 selbst
751 1628 782 1653 ist
807 1636 834 1653 so
860 1627 1020 1660 aufgestellt,
1044 1626 1100 1652 dass
1122 1626 1158 1651 sie

648 1662 758 1694 sogleich
790 1661 853 1687 nach
883 1661 969 1686 Atrika
1000 1660 1158 1685 aufbrechen

649 1696 727 1724 kann;
755 1695 799 1721 der
823 1695 1005 1721 Schriftsteller
1033 1695 1075 1719 hat
1103 1702 1158 1718 ver-

648 1730 753 1755 mutlich
773 1729 812 1754 die
831 1730 913 1755 vielen
934 1729 1084 1754 accusative
1103 1735 1158 1752 ver-

648 1764 745 1789 meiden
765 1764 864 1788 wollen.
884 1778 916 1781 —
936 1763 1063 1795 aptior-es]
1083 1769 1158 1787 wenn

649 1798 684 1823 sie
703 1805 753 1822 von
773 1797 849 1822 Osteu
870 1797 913 1821 her
931 1797 1032 1821 kamen.

683 1833 706 1857 9.
743 1834 767 1856 et
796 1830 949 1863 Marcellus]
978 1828 1012 1854 ‘in
1049 1829 1159 1862 gleicher

649 1862 740 1890 Weise'
761 1865 900 1890 entschloss
920 1864 972 1889 sich
992 1864 1022 1888 M.
1037 1878 1069 1881 —
1083 1864 1158 1888 Sicu-

650 1899 749 1931 Iu7n..]
770 1907 788 1924 s.
807 1899 823 1931 ξ
846 1902 866 1924 1.
885 1913 917 1916 -
937 1899 1008 1929 urbe]
1032 1898 1092 1923 tiber
1110 1897 1158 1922 den

649 1932 748 1958 blossen
767 1933 822 1958 Abi.
842 1941 861 1958 s.
881 1941 909 1957 zu
934 1935 971 1962 11,
995 1934 1030 1957 15.
