1332 2150
56 107 75 121 ι.
86 100 136 120 cnr.
146 106 167 120 n.
178 99 220 120 212.

421 90 513 116 LIBER
533 90 608 116 XXV.
644 90 714 115 CAP.
734 92 774 116 39.

1066 89 1127 119 209

57 177 176 208 cohorte
192 181 220 206 et
237 175 384 215 equitibus
400 185 434 206 cx
451 176 564 206 occulto
589 176 830 215 procurrentibus
852 176 1041 206 circumventi
1063 186 1129 207 cae-

56 219 138 256 sique
153 219 186 249 ad
208 228 300 248 unum
317 228 418 248 omnes
434 223 516 254 sunt3
535 227 719 257 quamquam,
736 219 847 248 etiamsi
865 219 930 257 quis
947 228 981 248 ex
998 228 1029 249 ea
1043 220 1129 249 caede
1145 226 1158 249 7

55 261 213 299 effugisset,
230 261 301 290 adeo
319 261 424 300 raptim
440 271 462 300 a*
473 261 563 300 captis
577 260 764 300 propioribus
777 261 878 290 castris
890 261 918 290 in
932 261 1020 291 altera
1033 268 1128 292 trans·

55 313 173 334 cursum
190 308 282 333 castra
299 303 334 333 ab
351 303 490 333 Romanis
507 309 565 339 est,
588 308 619 333 ut
636 303 806 342 praevenire
823 303 946 333 nuntius
963 304 1051 334 cladis
1067 314 1128 335 non

56 351 162 386 posset.
194 346 231 375 ibi
248 355 326 382 vero,
343 355 400 385 quo
419 346 534 384 longius
549 346 584 375 ab
602 346 686 376 hoste
698 346 827 379 aberant.
845 350 872 375 ot
885 346 951 384 quia
965 346 1019 375 sub
1032 346 1128 377 lucem
1144 352 1158 376 S

55 388 222 428 pabulatum
240 389 441 427 lignatumque
457 394 483 418 et
501 389 667 428 praedatum
685 389 802 427 quidam
815 388 918 427 dilapsi
931 389 1054 422 fuerant,
1075 399 1127 419 ne-

55 431 147 469 glecta
163 431 255 469 magis
271 431 368 460 omnia
383 440 417 460 ac
439 431 532 460 soluta
549 431 700 466 invenere,
723 440 802 460 arma
819 435 930 460 tantum
948 431 977 460 in
994 432 1127 461 stationi-

55 473 110 503 bus
126 474 234 512 posita‚
252 473 357 502 milites
373 473 500 503 inernies
515 478 564 503 aut
580 473 659 503 humi
676 473 809 503 sedentes
825 474 1060 512 accubantesque
1076 479 1126 504 aut

55 515 275 545 obambulantes
291 520 357 545 ante
374 515 478 545 vallum
496 520 661 555 portasque.
692 525 758 545 cum
781 516 826 545 his
846 521 903 545 tam
919 516 1030 546 securis
1047 516 1126 546 solu·
1143 524 1157 547 9

55 557 149 596 tisque
166 557 288 587 Romani
305 557 432 587 calentes
448 558 542 587 adbuc
557 558 592 588 ab
610 558 719 588 recenti
736 567 834 598 pugna
852 558 1023 597 ferocesque
1036 559 1127 588 victo-

53 599 94 629 ria
111 599 255 638 proelium
271 600 384 629 ineunt.
416 600 512 639 itaque
537 609 720 639 nequaquam
742 601 836 630 resisti
859 601 889 630 in
913 602 1004 640 portis
1022 602 1126 640 potuit.

53 642 127 672 intra
150 647 248 681 portas
269 651 415 672 concursu
440 652 473 672 ex
497 643 563 672 totis
589 643 690 672 castris
712 643 746 673 ad
770 644 897 682 prinlum
919 643 1074 673 clamorem
1098 648 1127 674 et

53 684 210 714 tumultum
231 686 305 714 sacto
322 689 403 714 atrox
420 685 563 723 proelium
581 686 688 721 oritur;
713 686 822 724 diuque
846 686 996 721 tenuisset,
1014 686 1043 715 ni
1061 696 1127 716 cru·
1145 692 1173 716 10

53 731 118 756 enta
135 732 217 756 scuta
230 727 429 756 Romanorum
445 728 504 756 visa
520 728 660 757 indicium
676 728 796 757 alterius
812 728 901 757 cladis
917 728 1025 757 Poenis
1039 733 1127 767 atque

52 768 120 798 inde
133 778 269 808 pavorem
282 770 459 799 inicoissent.
490 769 537 799 hie
550 775 643 799 terror
656 771 684 799 in
699 771 796 809 sugam
808 770 910 800 avertit
922 771 1034 806 omnis3
1053 772 1127 801 effu·
1144 778 1170 801 11

52 811 135 850 sique
156 821 211 850 qua
228 812 282 841 iter
299 816 355 845 est,
381 812 434 841 nisi
458 821 533 850 quos
554 811 657 842 caedes
678 813 834 852 oppressit,
851 817 1000 842 exuuntur
1016 814 1128 843 castriS.

51 854 90 883 ita
107 858 194 883 nocte
210 863 242 883 ac
259 853 304 883 die
321 854 387 883 bina
409 859 501 883 castra
523 855 651 884 hostium
673 859 836 893 expugnata
857 856 946 884 ductu
963 855 995 884 L.
1012 855 1122 885 Marcii.

138 896 179 925 Ad
198 896 314 934 triginta
331 901 442 935 septeni
459 897 535 926 milia
553 897 681 927 hostium
702 907 783 926 caesa
799 903 901 927 auctor
917 902 961 927 est
978 897 1126 934 Claudius,
1144 904 1172 928 12

53 939 102 977 qui
115 938 236 968 annales
247 938 394 968 Acilianos
406 948 439 968 ex
452 939 563 969 Graeco
577 940 606 968 in
619 939 755 969 Latinum
768 949 934 969 sermonem
949 941 1040 976 vertit,
1057 950 1127 980 cap-

87 1006 110 1029 7.
129 1006 248 1029 etiamsi.
260 1025 265 1029 .
278 1005 423 1036 effugisset]
447 1005 510 1029 dazu
529 1005 562 1030 ist

53 1038 97 1063 der
115 1038 267 1071 eigentlicbe
286 1038 424 1063 Nachsatz:
451 1047 561 1071 praeve-

52 1074 111 1096 nire
121 1090 128 1096 .
138 1091 144 1097 .
155 1081 208 1097 non
221 1074 310 1104 poluit
329 1072 378 1097 und
399 1072 483 1097 hierzu
503 1073 562 1097 wie-

53 1106 138 1132 derum
150 1106 285 1139 eigentlich
300 1107 364 1130 adeo
377 1127 382 1131 .
396 1126 402 1132 .
418 1110 455 1130 est
465 1106 505 1131 die
516 1106 562 1131 Be-

2 1137 7 1143 ’
53 1139 194 1172 griindung.
217 1155 250 1158 —
276 1140 342 1165 adeo
361 1142 470 1173 raptim]
497 1148 517 1166 s.
538 1142 561 1172 2,

55 1175 79 1205 7,
99 1175 141 1199 10;
161 1174 225 1198 adeo
246 1174 344 1198 leviter.

89 1209 112 1234 8.
140 1211 164 1232 et
188 1209 296 1239 quia..}
325 1208 378 1233 also
406 1208 463 1233 weil
493 1208 561 1233 nicht

12 1258 13 1262 ,
55 1248 138 1273 genug
157 1241 233 1266 Lente
251 1250 294 1266 zur
308 1242 491 1275 Verteidigung
510 1243 561 1267 und

56 1275 216 1307 Bewacbung
243 1276 379 1301 anwesend
407 1284 498 1301 waren.
528 1291 561 1294 -—

54 1308 209 1340 pabulatum
227 1328 233 1334 .
251 1329 256 1335 .
275 1310 443 1342 praedatum]
480 1310 560 1336 selten

56 1343 154 1374 haugen
180 1350 208 1367 so
227 1343 278 1368 drei
297 1342 391 1376 Supina
411 1352 460 1368 von
480 1344 561 1369 einem

56 1376 164 1400 Verbum
181 1372 220 1402 ab,
239 1377 274 1401 oft
288 1378 346 1402 aber
359 1378 434 1405 zinci:
454 1385 474 1403 s.
486 1380 526 1408 27,
537 1380 560 1409 5,

58 1412 83 1435 1:
110 1410 270 1442 praedatum
288 1411 369 1435 simul
386 1412 561 1443 speculatum-

55 1452 104 1476 que
131 1446 218 1476 rrziss1'3
247 1446 292 1475 28,
311 1448 356 1476 39,
377 1447 407 1470 13
432 1453 457 1470 u.
479 1453 502 1470 a.
530 1460 560 1464 --

55 1478 174 1510 neglecta
193 1498 197 1503 .
217 1497 222 1503 .
238 1478 336 1511 soluta]
365 1487 385 1504 s.
409 1480 452 1510 23,
473 1481 513 1511 37,
532 1482 560 1505 6:

54 1513 139 1536 solute
157 1519 189 1536 ac
208 1512 390 1544 neglegente1·;
410 1513 503 1538 ebenso
522 1515 561 1544 39,

58 1547 116 1575 1,4;
136 1546 188 1578 vgl.
203 1546 218 1578 ξ
231 1548 255 1572 9.
274 1561 307 1564 —
326 1548 421 1578 magis]
441 1547 505 1572 ohne
521 1556 562 1577 eo;

55 1587 76 1605 s.
95 1581 135 1609 38,
154 1581 199 1606 23:
227 1580 279 1605 hier
301 1580 343 1604 bat
362 1581 401 1606 die
421 1581 563 1613 Einffigung

56 1613 100 1638 des
118 1613 293 1639 Kausalsatzes
313 1614 428 1645 bewirkt,
448 1615 504 1640 dass
522 1615 562 1640 die

58 1646 199 1680 Beziehung
225 1649 270 1672 auf
295 1657 346 1680 quo
375 1649 480 1680 longius
509 1656 562 1673 ver-

57 1688 145 1712 gessen
170 1682 264 1707 wurde.
289 1697 322 1700 —
346 1685 561 1714 u1·ma..posica]

57 1717 118 1739 statt
139 1714 196 1741 dass
213 1716 253 1741 die
271 1716 391 1741 Soldaten
416 1717 496 1742 selbst
520 1717 562 1741 be-

58 1747 159 1773 waffnet
176 1749 296 1775 dastehen
315 1751 415 1775 senten.

91 1782 115 1807 9.
133 1783 232 1815 solutis]
253 1784 301 1809 wie
320 1785 409 1810 vorber
422 1786 562 1815 .wluca‚=

57 1812 132 1840 ‘ohne
150 1816 197 1841 alle
207 1816 344 1850 Ordnung'.
361 1833 394 1837 —
413 1819 544 1844 calentes.
555 1839 561 1844 .

59 1850 99 1879 ab]
121 1847 370 1883 ‘insolge..erhitzt,
389 1850 516 1885 gluhend':
541 1861 560 1878 s.

58 1891 88 1908 zu
102 1884 142 1914 26,
152 1886 180 1913 ’ῑ;
200 1885 356 1917 vgi.Lucret.
367 1889 391 1918 5,
406 1889 482 1912 1312:
503 1896 561 1919 per·-

58 1918 143 1941 mi-cta
163 1919 240 1943 caede
258 1920 369 1945 calentes
395 1921 509 1952 (leones).
528 1935 562 1939 —

110 1963 149 1984 Tit.
161 1963 204 1984 Liv.
216 1964 237 1984 V.
250 1966 267 1985 1.
283 1967 301 1986 4.
312 1967 366 1987 Auu.

615 1008 686 1030 intra
696 1007 801 1038 pot-lus]
813 1006 838 1030 in
846 1006 904 1031 dem
914 1014 963 1030 von
971 1005 1020 1031 den
1026 1006 1127 1031 Thoren

615 1040 854 1072 eingeschlossenen
873 1040 977 1065 Raume.

651 1076 688 1099 10.
710 1075 843 1105 tenuisset]
864 1081 883 1098 s.
899 1075 936 1104 15,
950 1076 988 1099 16.
999 1088 1032 1092 —-
1050 1077 1127 1099 scuta

614 1127 619 1132 .
632 1126 637 1132 .
648 1108 714 1139 visa]
735 1105 788 1132 ‘der
797 1107 906 1133 Anblick
925 1108 968 1132 dei·
985 1105 1078 1135 mucci:
1097 1116 1126 1133 so

614 1141 676 1166 wird
690 1141 735 1166 das
751 1141 817 1166 Part.
829 1142 898 1167 Pass.
911 1149 961 1167 von
972 1141 1023 1167 Liv.
1040 1142 1127 1175 haufig

613 1183 658 1200 zur
676 1176 878 1207 Umscbreibung
902 1183 953 1200 von
978 1176 1126 1202 abstrakten

616 1210 885 1235 Verbalsubstantiven
917 1210 1070 1242 gebraucht:
1106 1218 1126 1235 s.

615 1244 630 1275 ξ
645 1245 687 1272 17;
707 1245 799 1274 21,49,
811 1245 825 1269 3
845 1252 869 1268 u.
880 1251 945 1268 a.-
965 1246 1125 1275 iniec-issent]

614 1277 646 1302 ist
666 1278 777 1310 weniger
797 1285 878 1309 genau
904 1277 967 1302 auch
993 1278 1037 1302 aus
1057 1279 1127 1303 indi-

614 1314 683 1335 cium
700 1312 822 1344 bezogen,
842 1319 914 1336 wozu
930 1319 988 1336 man
1002 1312 1127 1341 fecissent

614 1348 740 1370 erwartet.

651 1382 687 1404 11.
707 1380 803 1411 qua..]
827 1377 879 1404 ‘wo
903 1379 956 1404 sich
981 1379 1055 1404 ihnen
1081 1388 1127 1405 nur

614 1413 653 1438 ein
673 1413 734 1445 Weg
752 1411 848 1438 offnet’.
866 1427 900 1431 --
919 1414 964 1444 est]
985 1421 1006 1438 s.
1026 1415 1066 1445 21,
1086 1416 1126 1444 29,

613 1449 636 1473 6.
652 1462 685 1465 —
704 1450 856 1472 ewuuntur.
868 1448 883 1478 .]
904 1447 940 1471 sie
960 1450 1061 1472 mussen
1081 1449 1126 1474 das

613 1481 692 1513 Lager
716 1481 889 1506 schmachvoll
915 1481 1079 1514 preisgeben;
1107 1490 1126 1508 s.

613 1516 637 1545 2,
651 1517 690 1546 31,
706 1517 716 1540 1
739 1523 760 1539 u.
776 1523 798 1540 a.
817 1530 849 1534 -
868 1518 944 1539 nocte
963 1524 994 1540 ac
1013 1515 1064 1548 elie]
1083 1513 1126 1541 ‘im

614 1549 732 1579 Vei-iaus,
751 1549 775 1574 in
794 1549 838 1574 der
856 1549 910 1574 Zeit
929 1557 979 1573 von
999 1551 1030 1575 24
1050 1550 1125 1575 Stun-

614 1580 678 1611 den‘:
698 1591 725 1608 es
744 1583 791 1608 soll
809 1583 924 1608 bemerkt
938 1583 1049 1615 werden,
1068 1584 1124 1610 dass

614 1617 638 1641 in
658 1617 747 1642 beiden
767 1617 851 1642 Zeiten
871 1617 917 1642 mit
939 1617 1063 1649 gleichem
1082 1619 1126 1643 Er-

614 1651 682 1682 soige
693 1651 823 1684 gekiimpst
837 1651 939 1676 worden
951 1651 991 1683 ist,
1003 1652 1068 1676 ohne
1079 1652 1125 1677 Ge·

614 1688 717 1717 gensatz
736 1693 766 1709 zu
786 1687 856 1716 bina,
876 1685 923 1710 wie
938 1693 959 1709 z.
971 1685 998 1710 B.
1010 1687 1049 1716 30,
1060 1687 1084 1715 6,
1096 1689 1124 1711 ὅς

615 1719 728 1750 binaque
747 1722 835 1743 castra
855 1727 909 1743 una
935 1722 1010 1743 nocte
1030 1720 1125 1745 deleta.

614 1767 646 1770 —
658 1752 747 1783 ductu]
768 1753 827 1778 aber
837 1753 906 1778 nicht
916 1753 981 1777 auch
995 1756 1124 1785 auspicio.

653 1788 688 1811 12.
702 1786 837 1818 Claudius]
853 1787 880 1816 Q.
890 1787 1009 1811 Claudius
1020 1787 1124 1816 Quadri-

614 1820 711 1852 garius;
739 1828 760 1846 s.
777 1823 801 1850 6,
819 1823 861 1849 42,
881 1823 907 1850 5;
935 1821 998 1846 Einl.
1024 1823 1063 1846 27.
1093 1836 1125 1840 —

613 1854 760 1886 Acilianos]
781 1863 830 1880 von
850 1855 875 1880 C.
895 1855 991 1879 Acilius
1010 1855 1124 1886 versasst,

614 1888 675 1912 uber
701 1888 748 1912 den
781 1892 855 1914 unter
886 1889 941 1913 dem
971 1888 1047 1914 Jahre
1078 1891 1123 1915 142

614 1929 637 1946 v.
649 1922 704 1946 Chr.
717 1922 741 1946 in
759 1922 802 1948 der
815 1922 936 1948 Periocha
956 1924 988 1948 53
1009 1923 1124 1949 bemerkt

890 1966 920 1990 14
