1332 2150
90 152 107 166 ιι.
120 146 166 166 Chr.
178 152 198 166 n.
208 146 252 166 210.

429 137 519 162 LtssER
539 136 624 162 xxvt.
661 136 731 162 CAP.
750 138 790 163 38.
810 138 850 162 39.

1102 134 1157 164 101

91 232 156 253 mox
172 223 207 252 de
224 222 329 252 Blattio
346 223 533 261 cogniturus,
551 227 718 261 starentque
741 227 886 251 summoto
911 222 1021 261 populo
1043 232 1162 252 accusa-

91 271 136 295 tor
151 271 180 295 et
194 275 278 298 reus,
295 265 416 295 Blattius
433 266 468 295 de
485 266 652 304 proditione
672 264 789 294 Dasium
812 265 983 304 appellabat.
1015 265 1162 294 enimvero
1178 271 1192 294 9

90 308 137 338 ille
159 308 237 337 velut
259 308 288 337 in
306 308 457 337 manifesta
474 317 504 337 re
521 308 661 337 exclamat
682 307 737 336 sub
753 307 847 336 oculis
869 307 1040 337 Hannibalis
1062 317 1161 337 secum

89 351 124 380 de
141 350 307 390 proditione
318 351 373 389 agi.
403 350 557 380 Hannibali
573 356 659 389 atque
676 350 726 385 eis,
743 351 792 388 qui
809 350 938 385 aderaut,
955 360 1013 389 quo
1025 351 1161 380 audacior

89 402 136 423 res
152 397 226 428 erat,
244 393 342 422 minus
357 390 460 422 similis
477 393 535 422 veri
552 393 608 422 visa
632 398 691 422 est:
715 392 939 421 aemulationem
963 394 1095 431 profecto
1117 398 1161 422 at·
1181 397 1206 421 ιο

90 444 146 474 que
163 435 262 464 odium
280 445 359 469 esse,
377 440 404 464 et
421 435 447 464 id
466 436 575 465 crimen
592 434 716 469 adferri,
734 435 829 473 quod,
846 435 912 473 quia
931 440 1032 464 testem
1055 435 1162 465 habere

89 487 148 507 non
167 478 271 517 possit,
287 477 408 507 liberius
425 478 546 516 {ingenti
564 478 608 507 sit.
640 477 677 506 ita
694 477 762 506 inde
778 477 888 506 dimissi
905 482 982 506 sunt.
1015 487 1068 507 nec
1086 478 1162 507 Blat-
1180 483 1205 507 tt

88 520 146 550 tius
168 525 234 550 ante
258 520 369 549 abstitit
393 525 449 549 tam
472 521 572 550 audaci
596 520 731 559 inceptO,
760 529 846 558 quam
870 520 945 549 idem
973 520 1162 549 obtundendo

88 563 290 601 docendoque,
307 571 394 601 quam
411 572 442 592 ea
459 572 505 592 res
518 563 590 602 ipsis
603 563 771 601 patriaeque
785 562 918 591 salutaris
929 567 1015 598 esset,
1032 563 1162 601 pervicit,

91 610 121 635 ut
139 605 317 644 praesidium
334 605 478 634 Punicum
503 622 542 627 —-
564 607 717 644 quinyenli
739 610 834 634 autem
859 604 1000 634 Numidae
1025 610 1107 634 erant
1121 622 1162 626 -—

88 647 261 686 Salapiaque
274 648 437 677 traderetur
450 647 596 677 Marcello.
630 657 683 677 nec
696 647 758 676 sine
772 647 858 676 caede
871 647 960 676 multa
974 648 1045 676 tradi
1059 648 1162 686 potuit.

87 689 174 728 longe
204 690 355 719 fortissimi
384 691 513 729 equitum
542 695 602 719 toto
631 690 744 719 Punico
771 690 898 719 exercitu
925 694 1016 719 erant.

1066 691 1163 729 itaque

88 741 263 771 quamquam
288 733 433 771 inprovisa
462 742 507 762 res
530 733 584 762 suit
609 742 661 761 nec
684 742 755 761 usus
778 741 921 770 equorum
946 732 975 761 in
998 732 1070 761 urbe
1092 738 1162 768 erat,

88 780 184 805 tamen
201 775 290 804 armis
306 776 382 804 inter
399 775 554 805 tumultum
572 775 664 814 captis
688 780 715 804 et
739 775 923 813 eruptionem
949 780 1163 813 temptaverunt

87 823 115 847 et
131 827 198 847 cum
215 817 333 847 evadere
352 819 523 856 nequirent,
542 822 706 856 pugnantes
729 817 763 846 ad
781 817 915 846 ultimum
939 818 1159 852 occubuerunu
1182 822 1208 847 13

88 870 142 889 nec
159 860 225 899 plus
242 860 454 898 quinquaginta
472 869 505 889 ex
530 860 574 889 his
597 861 626 889 in
650 864 823 899 potestatem
846 859 972 889 hostium
998 860 1052 889 vivi
1075 869 1162 889 vene-

87 907 166 932 runt.
198 902 322 941 plusque
339 903 487 941 aliquanto
504 903 600 932 damni
618 903 688 932 haec
704 902 748 931 ala
771 902 902 941 equitum
923 902 1026 932 amissa
1051 902 1162 932 llanni-
1182 907 1208 931 14

87 945 144 974 bali
161 953 248 983 quam
266 944 379 983 Salapia
398 945 466 980 fuit;
486 955 539 974 nec
556 945 660 974 deinde
677 954 815 983 nmquam
840 945 972 979 Poenus,
996 955 1053 984 quo
1076 946 1163 983 longe

88 987 246 1027 plurimum
264 987 406 1021 valuerat,
423 988 554 1026 equitatu
571 987 706 1026 superior
722 987 785 1016 suit.

172 1030 227 1059 Per
243 1029 318 1058 idem
337 1034 452 1069 tempus
469 1039 534 1059 cum
552 1030 581 1059 in
597 1039 664 1060 arce
686 1029 844 1059 Tarentina
867 1030 911 1059 vix
936 1030 1035 1069 inopia
1058 1030 1162 1060 tolera·
1177 1031 1214 1058 39

86 1089 247 1119 starentque]
272 1087 346 1112 nami.
372 1090 444 1112 unter
467 1087 524 1112 dem
543 1087 598 1112 'rri-

86 1121 173 1148 huual:
201 1129 222 1146 s.
248 1123 288 1151 38,
308 1123 349 1153 53,
373 1124 393 1146 l.
414 1136 445 1139 —
468 1125 597 1146 smnmolo

85 1156 194 1188 populo]
215 1163 234 1180 s.
255 1156 294 1183 25.
314 1157 337 1184 3,
360 1156 397 1180 18.

120 1190 142 1214 9.
154 1191 295 1219 enimvero]
317 1189 406 1220 geliort
420 1197 450 1213 zu
464 1189 508 1213 ille
518 1208 523 1213 .
537 1209 542 1214 .
555 1198 598 1213 ex-

86 1223 196 1248 clamat:
219 1221 262 1247 ‘da
287 1223 337 1248 rust
353 1224 379 1254 ja
401 1220 599 1255 wahrhaftig'ta

85 1265 105 1282 s.
124 1265 153 1282 zu
173 1258 215 1288 24,
234 1258 275 1287 31,
298 1259 320 1284 l:
343 1257 398 1281 Val.
418 1257 495 1281 Max:
519 1259 598 1281 enim-

87 1299 146 1316 vero
167 1294 220 1315 tum
240 1291 285 1315 ille
303 1291 461 1322 proclamat.
479 1305 513 1309 -
527 1292 598 1315 velut

85 1327 113 1350 ιή
131 1324 274 1354 manifesta
288 1326 326 1355 re]
346 1325 383 1350 als
397 1325 429 1349 ob
444 1326 510 1356 jctzt
528 1327 597 1350 seine

86 1358 200 1390 Anklage
225 1358 379 1390 vollstandig
405 1359 526 1384 erwiesen
553 1359 596 1384 sei.

85 1407 116 1411 —
135 1394 182 1417 sub
202 1393 294 1423 oculis]
314 1405 347 1414 =
361 1395 388 1416 in
402 1396 555 1424 conspeetu:
576 1401 595 1418 s.

85 1428 126 1455 35.
146 1428 168 1452 ἵ.
187 1441 218 1445 -
240 1428 294 1457 agi]
315 1427 373 1451 weil
393 1426 500 1451 Blattius
521 1426 595 1451 wirk-

85 1461 134 1486 tich
147 1460 195 1485 den
208 1460 318 1485 Vei-such
338 1461 456 1492 gemacht
476 1461 530 1488 hat:
552 1461 596 1485 wir

85 1502 176 1527 Sagen:
200 1491 266 1519 ‘man
287 1495 362 1519 wolle
387 1495 432 1519 mit
450 1495 500 1519 ihm
513 1515 518 1520 .
531 1492 543 1519 ,²
564 1510 597 1512 —

85 1530 131 1561 qui
150 1528 273 1559 aderant]
299 1528 340 1553 die
359 1529 403 1553 mit
429 1529 480 1553 ihm
499 1537 528 1553 zu
549 1529 596 1554 Ge-

87 1562 150 1588 richt
168 1564 262 1591 sassen,
281 1562 333 1587 sein
354 1562 504 1590 Konsilium3
524 1565 596 1594 s.33,

86 1598 109 1621 7.
130 1611 164 1615 --
189 1598 285 1627 minus]
311 1596 377 1621 ohne
400 1605 442 1623 eo:
469 1605 488 1621 s.
508 1598 549 1625 20,
568 1599 595 1626 53

87 1630 147 1655 fiber
165 1631 259 1654 similis
280 1633 335 1654 veri
352 1638 372 1655 S.
393 1638 422 1655 zu
443 1632 484 1658 49,
504 1633 527 1656 6.

122 1666 160 1689 10.
172 1665 410 1690 aemulationem..
423 1666 485 1695 esse]
504 1661 541 1689 ‘es
560 1665 596 1689 sei

88 1696 151 1723 ohne
161 1698 272 1726 Zweisel,
283 1698 395 1723 offonbar
406 1706 451 1723 nur
461 1716 468 1723 .
478 1696 502 1728 .’‚
521 1698 595 1724 naml.

88 1730 128 1756 die
145 1731 229 1757 diesen
249 1732 354 1757 Aut'tritt
373 1733 554 1759 verantatsten:
575 1740 594 1757 s,

92 1766 129 1795 15,
155 1767 190 1791 13.
218 1781 250 1784 —
276 1767 384 1790 liber-ius
411 1767 526 1798 fingenti
552 1768 596 1796 sil]

90 1798 144 1823 eine
156 1800 371 1832 Ansehnldigung,
391 1800 501 1830 dieihm,
522 1808 595 1825 wenn

89 1839 115 1856 er
124 1836 203 1858 etwas
222 1834 348 1859 erdichten
361 1835 456 1865 wollte,
475 1834 514 1859 ein
526 1834 595 1859 freie-

89 1873 128 1890 res
138 1866 196 1891 Feld
211 1867 323 1899 damme,
343 1868 436 1893 beider
455 1876 481 1893 er
500 1868 595 1892 erdich-

88 1902 130 1924 ten
149 1899 240 1931 konne,
258 1909 311 1927 was
330 1910 356 1927 er
367 1902 453 1930 wolle;
474 1910 493 1926 s.
505 1904 544 1933 30,
556 1904 596 1933 32,

88 1935 114 1958 8:
135 1934 448 1966 colloquium-,liberum
468 1937 595 1968 fingenti:

87 1968 128 1998 32,
140 1969 180 1999 32,
192 1969 219 1994 8:
238 1972 269 1993 ut
282 1970 333 1994 sibi
351 1970 462 1995 liberum
473 1973 538 1995 esset
558 1970 598 1994 vel

652 1088 688 1111 ad
706 1088 800 1112 bellum
820 1089 939 1111 manenti
952 1088 1007 1112 vel.
1019 1098 1039 1116 .;
1060 1088 1111 1120 vgl.
1122 1089 1163 1118 21,

653 1123 748 1151 50,10:
771 1122 926 1149 volantibus-3
948 1123 1008 1146 iiber
1017 1122 1132 1154 fingenti
1141 1129 1160 1146 s.

652 1157 693 1185 24,
713 1157 737 1186 5,
759 1157 798 1181 12.

688 1191 725 1214 11.
745 1190 791 1220 ita]
815 1186 870 1213 ‘mit
893 1189 988 1214 diesem
1008 1186 1162 1215 Bescheide’.

651 1237 683 1241 —
695 1224 766 1253 inde]
787 1224 861 1248 nami.
873 1231 917 1247 aus
929 1223 984 1247 dem
996 1224 1119 1249 Gericlite.
1129 1238 1163 1242 —

652 1258 831 1287 obtundendo]
841 1257 888 1281 wie
897 1254 1011 1282 unser‘in
1021 1258 1068 1282 den
1079 1258 1162 1282 Oliren

649 1288 754 1323 liegen‘2
774 1299 794 1316 s.
814 1299 844 1315 zu
865 1293 887 1320 ’2,
912 1293 948 1321 15,
968 1293 990 1316 5.

688 1326 723 1350 12.
743 1333 791 1348 nec
805 1328 861 1349 sine
875 1325 954 1349 caede
968 1345 973 1349 .
987 1327 1002 1356 ,j
1017 1325 1079 1350 wird
1098 1326 1163 1350 nach

649 1358 693 1383 der
711 1359 873 1391 asyndetisch
888 1360 1035 1391 gegebenen
1051 1359 1162 1391 Begrnn-

649 1393 718 1425 dung
732 1394 821 1424 (longe
832 1412 837 1417 .
857 1395 865 1423 )
879 1393 956 1417 durch
971 1395 1060 1425 itaque
1070 1413 1075 1418 .
1087 1413 1092 1418 .
1104 1394 1163 1418 wei-

650 1430 687 1451 ter
713 1427 873 1459 ausgeffitirt;
908 1435 937 1451 zu
969 1428 1048 1451 caede
1079 1428 1161 1452 malta

649 1461 698 1493 vgl
720 1462 760 1490 25,
774 1462 813 1489 14,
833 1462 852 1486 l.
873 1475 904 1478 —
925 1464 978 1485 (ola
998 1462 1097 1485 Punico
1117 1470 1162 1485 ea·-

650 1496 744 1525 ercilu]
772 1495 838 1519 ohne
864 1497 905 1525 in,
934 1495 982 1520 wie
1008 1495 1031 1519 in
1061 1495 1161 1520 lokalen

650 1528 852 1557 Verhfiltnissem
878 1537 897 1553 s.
924 1537 954 1553 zu
982 1531 1022 1559 27,
1043 1531 1065 1558 S,
1086 1531 1109 1554 5.
1129 1544 1163 1548 —

650 1571 712 1586 usus
724 1582 729 1588 .
742 1581 747 1587 .
759 1564 825 1593 erar]
839 1559 904 1587 ‘man
921 1563 1016 1588 ltonnte
1030 1564 1161 1588 Gebraueh

650 1594 772 1624 machen';
791 1605 811 1621 s.
836 1599 855 1624 1.
874 1599 915 1627 56,
935 1599 957 1622 3.

688 1632 725 1655 13.
746 1631 781 1655 ad
794 1630 926 1663 ultimum]
944 1629 992 1656 ‘bis
1006 1631 1107 1661 zuletzt,
1123 1631 1161 1656 bis

649 1672 704 1689 zum
719 1665 811 1689 tetzten
827 1663 1005 1695 Auamma-kz
1026 1665 1116 1696 gelidi-t.
1130 1673 1160 1690 zu

647 1702 812 1731 pugnantes:
834 1699 884 1730 vgl.
905 1700 945 1727 23„
965 1701 1005 1730 30,
1025 1701 1048 1724 9.

688 1735 724 1758 14.
750 1733 803 1763 ala]
824 1734 876 1764 vgl.
896 1734 910 1762 ,ὅ
935 1734 976 1761 11;
1000 1735 1037 1763 10,
1056 1734 1096 1763 29,
1119 1734 1160 1758 12:

651 1766 847 1798 Campanorum
882 1767 966 1796 alam,
988 1770 1162 1798 „qm'ngenlos

648 1800 705 1829 sere
729 1803 834 1832 equiles.
854 1815 886 1818 —
911 1801 959 1825 Das
983 1801 1161 1833 Ubergewiclit

648 1834 784 1859 llannibals
798 1842 827 1859 an
845 1834 950 1859 Reiterei
966 1835 1027 1859 wird
1043 1838 1094 1859 erst.
1109 1835 1161 1859 hier

648 1868 810 1893 entschieden
823 1876 870 1893 von
880 1869 932 1893 Liv.
944 1869 1160 1900 liervorgelioben,

648 1902 733 1926 srtiher
752 1910 797 1927 nur
816 1902 982 1935 angedeutet;
1002 1910 1021 1927 s.
1034 1904 1125 1934 21,47‚
1138 1905 1158 1928 l.

682 1935 728 1962 39.
748 1935 912 1961 Seeschlactit
931 1937 969 1961 bei
990 1936 1092 1961 Tarent.

686 1972 707 1995 1.
728 1971 783 2000 vis]
803 1970 892 2003 gehon
911 1978 941 1995 zu
961 1971 1160 1996 tolerabilis.—
