1332 2150
161 718 190 741 10

161 887 189 909 15

157 1056 190 1079 20

207 125 268 154 216
654 124 819 150 PERlOCHA.

612 260 725 299 ΤΙΤΙ
749 261 867 300 LIVI

341 330 386 359 AB
410 328 508 358 URBE
534 327 696 358 conium
719 328 819 358 Llssm
841 328 916 358 xxv
938 327 1137 358 PERIOCHA.

276 413 303 438 P.
315 413 445 437 Cornelius
455 412 549 444 Scipio,
559 414 645 444 postea
657 411 796 442 Africanus,
815 415 872 437 ante
882 419 961 436 annos
976 411 1062 436 aedilis
1073 412 1161 436 sactus,
1180 411 1271 436 Hanni-

207 447 247 472 bal
266 447 350 471 urbem
370 445 496 470 Tarenton
516 447 614 477 praeter
632 452 721 474 arcem,
740 445 764 470 in
784 453 857 477 quam
878 445 1027 478 praesidium
1044 445 1212 470 Rornanorum
1232 445 1269 470 su-

208 483 285 513 gerat,
305 488 348 513 per
367 480 515 504 Tarentinos
534 479 652 506 iuvenes,
679 479 720 511 qui
739 487 766 503 se
785 482 860 504 noctu
887 482 1004 504 venatum
1030 479 1064 503 ire
1084 479 1271 510 simulaverant,

208 515 281 546 cepit.
311 513 529 546 ludiApollinares
546 520 575 537 ex
585 512 662 537 Marci
673 513 832 543 carminibus
851 513 942 545 quibus
953 513 1089 538 Cannensis
1108 513 1192 537 clades
1202 519 1271 544 prae-

209 548 274 573 dicta
294 548 382 577 fuerat,
402 547 508 571 instituti
529 549 594 571 sunt.
622 546 674 575 aQ.
686 547 773 571 Fulvio
784 550 808 571 et
818 547 867 578 Ap
879 546 981 571 Claudio
997 546 1140 571 consulibus
1151 546 1271 571 adversus

209 581 354 606 Hannonem
374 582 514 605 Poenorum
539 580 627 605 ducem
647 588 766 612 prospere
791 582 929 618 pugnatum
955 582 1001 604 est.
1037 579 1091 604 Tib.
1109 579 1271 612 Sempronius

209 615 335 640 Gracchus
349 614 493 646 proconsul,
511 613 541 638 ab
560 613 659 646 hospite
674 621 719 638 suo
729 614 848 638 Lucano
843 622 866 638 1η
880 613 982 639 insidias
993 613 1122 643 deductus,
1142 621 1154 638 a
1164 613 1271 645 Magone

209 649 355 673 interfectus
374 651 419 672 est.
449 647 582 672 Centenius
593 647 711 678 Paenula,
730 648 771 680 qui
791 648 902 672 centurio
922 647 1079 678 militaverat
1098 655 1153 671 cum
1168 648 1273 680 petisset

210 690 222 707 a
241 685 339 713 senatu,
359 684 385 707 ut
403 681 449 706 sibi
469 681 592 706 exercitus
609 681 717 712 daretur,
736 681 914 713 pollicitusque
930 683 1005 711 esset,
1024 681 1222 713 siimpetrasset,
1241 681 1272 705 dc

210 716 347 741 Hannibale
366 715 510 745 victoriam,
535 716 575 740 ᾖ
594 715 703 747 acceptis
722 716 827 739 militum
847 715 896 739 dux
916 714 995 739 sactus
1015 715 1127 739 conflixit
1145 714 1198 739 acie
1216 722 1272 739 cum

208 750 348 774 Hannibale
367 752 392 774 et
410 757 465 773 cuin
486 749 593 773 exercitu
614 756 700 773 caesus
720 753 766 773 est.
794 749 877 781 Capua
897 748 999 773 obsessa
1020 751 1057 773 est
1076 755 1088 772 a
1103 748 1131 777 Q.
1142 748 1228 773 Fulvio
1248 750 1273 773 et

208 784 255 815 Ap.
276 783 379 807 Claudio
399 782 551 807 consulibus.
587 782 631 808 Cn.
651 782 752 807 Fulvius
772 786 871 815 praetor
889 782 953 807 male
972 782 1090 806 adversus
1110 782 1272 806 Hannibalem

209 825 259 849 pu*0
253 818 340 847 1111111
359 817 382 841 111
403 824 453 848 quo
473 817 567 848 proelio
587 824 618 841 xx
638 815 765 841 hominum
779 816 934 844 ceciderunt;
954 816 1007 848 ipse
1021 823 1075 840 cum
1090 815 1215 847 equitibus
1229 815 1273 840 du·
1310 839 1311 842 ,

210 851 289 875 centis
308 837 402 883 effugit.
440 850 556 875 Claudius
574 850 705 874 Marcellus
724 850 861 882 Syracusas
885 849 1040 881 expugnavit
1065 850 1138 874 tertio
1165 857 1231 874 anno
1249 851 1274 873 et

210 885 338 917 ingentem
352 892 379 909 se
389 884 468 908 virum
480 884 565 915 gessit.
594 885 618 908 in
638 891 667 908 eo
687 884 794 908 tumultu
808 887 895 915 captae
910 883 977 907 urhis
988 882 1149 908 Archimedes
1163 883 1273 907 intentus

210 918 303 949 formis,
323 926 385 950 quas
404 918 428 942 in
447 918 551 950 pulvere
569 917 742 949 descripserat,
761 917 907 942 interfectus
926 920 973 941 est.
1002 916 1030 942 Ρ.
1050 919 1075 941 et
1088 917 1131 941 Cn.
1142 916 1273 949 Scipiones

210 953 233 976 in
256 952 373 984 Hispania
393 954 432 976 tot
450 959 530 975 rerum
552 951 656 976 feliciter
674 953 800 982 gestarum
821 951 916 975 tristem
936 950 1028 974 exitum
1048 951 1172 981 tulerunt,
1196 957 1274 988 prope

209 994 265 1010 cum
278 987 337 1010 totis
347 985 496 1010 exercitibus
510 985 574 1010 caesi
590 993 654 1009 anno
668 988 766 1014 octavo,
782 992 854 1017 quam
867 985 891 1008 in
903 984 1044 1022 Hispaniam
1055 984 1144 1009 ierunt.
1171 984 1274 1008 amissa-

210 1027 257 1051 que
272 1020 324 1044 eius
338 1019 481 1051 provinciae
496 1019 623 1050 possessio
635 1018 706 1047 foret,
726 1019 771 1043 nisi
783 1019 808 1043 L.
819 1018 894 1043 Marci
913 1018 1004 1050 equitis
1015 1017 1119 1042 Romani
1137 1018 1230 1042 virtute
1249 1020 1274 1042 et

209 1053 329 1078 industria
355 1053 488 1077 contractis
517 1053 668 1077 exercituum
697 1052 807 1084 reliquiis
834 1051 945 1076 eiusdem
977 1051 1076 1076 hortatu
1108 1052 1164 1076 bina
1193 1053 1272 1076 castra

209 1087 318 1111 hostium
332 1090 475 1119 expugnata
489 1088 581 1111 essent.
609 1086 638 1110 ad
652 1088 718 1110 xxi‘si
734 1093 814 1115 caesa,
832 1093 847 1108 κ
867 1093 896 1110 ex
915 1085 982 1110 inille
996 1085 1162 1117 octingentos,
1181 1084 1271 1117 praeda
1312 1108 1313 1113 ,
1330 1098 1332 1103 .

208 1121 297 1153 ingens
317 1124 398 1152 capta.
426 1120 475 1144 dux
494 1119 600 1144 Marcius
619 1119 760 1151 appellatus
780 1122 825 1144 est.

277 1189 317 1213 21,
336 1195 385 1212 xm
388 1188 412 1219 11]
433 1186 499 1211 wohl
520 1186 702 1211 Schreibsehler
721 1188 782 1210 statt
795 1186 984 1216 xxxin—er]
1005 1185 1071 1210 wohl
1091 1185 1274 1211 Schreibsehler

209 1224 271 1247 statt
289 1221 332 1245 ad.
350 1236 383 1239 —
401 1220 514 1253 praeda]
534 1220 683 1245 νει-1111111161]
703 1220 734 1244 ist
751 1220 904 1252 praedaque
923 1227 952 1243 zu
972 1218 1109 1244 schreiben.
