1332 2150
214 74 274 104 138

540 76 632 102 LIBER
649 76 725 102 XXV.
761 76 830 102 CAP.
850 78 888 102 10.
909 79 948 102 11.

217 172 362 202 quemque
374 163 457 192 iussit
473 167 499 192 et
515 163 626 192 foribus
642 171 750 191 nomen
767 171 851 192 suum
867 162 1041 192 inscribere:
1059 172 1090 191 se
1102 163 1203 192 domos
1220 171 1277 199 eas,
1312 182 1313 186 ,

216 214 289 244 quae
305 205 460 243 inscriptae
478 214 536 234 non
554 210 660 239 essent,
676 205 760 242 signo
778 205 922 244 extemplo
939 205 1004 234 dato
1021 205 1106 244 diripi
1119 205 1276 234 iussurum.
1312 231 1314 235 ,

215 247 238 276 si
255 247 320 286 quis
335 247 364 276 in
380 247 507 286 hospitio
523 247 593 276 civis
605 247 727 276 Romani
742 264 782 268 ——
794 256 896 276 vacuas
912 251 1008 276 autem
1023 246 1162 276 tenebant
1176 247 1278 276 domos
1312 244 1314 246 ’

172 294 200 318 10
217 307 257 310 -
274 298 379 318 nomen
398 289 609 328 inscripsisset,
634 298 699 318 euin
716 298 747 318 se
765 298 818 328 pro
834 290 918 318 hoste
934 289 1109 318 habiturum.
1140 289 1278 318 contione

214 332 330 361 dimissa
343 340 409 360 cum
422 331 512 361 titulis
524 336 638 360 notatae
650 332 726 360 sores
739 331 891 360 discrimen
907 336 1023 369 pacatae
1033 331 1068 360 ab
1082 331 1178 360 hostili
1192 331 1277 360 domo

216 374 361 409 fecissent,
373 374 457 412 signo
470 374 535 403 dato
548 374 582 403 ad
596 373 757 412 diripienda
770 373 894 412 hospitia
906 373 1035 403 Romana
1048 373 1153 412 passim
1167 373 1278 403 discur-

214 425 279 445 sum
296 421 346 445 est.
378 421 404 445 et
421 416 474 445 suit
492 416 614 454 praedae
630 416 818 454 aliquantum.

163 460 194 486 11

300 458 420 487 Postero
437 458 482 487 die
498 458 532 487 ad
557 458 783 496 oppuguandam
806 467 900 487 arcem
917 458 1011 493 ducit;
1035 466 1120 496 quam
1137 466 1203 486 cum
1219 462 1247 486 et
1262 467 1279 486 a

216 501 298 536 mari,
312 510 369 539 quo
382 500 410 529 in
423 509 517 539 paene
529 500 641 529 insulae
654 501 772 529 modum
785 509 852 539 pars
864 500 955 529 maior
968 499 1180 535 circumluitur,
1196 508 1278 538 prae-

215 543 280 572 altis
302 542 425 581 rupibus
441 547 470 571 et
485 542 520 571 ab
539 543 599 581 ipsa
622 542 694 572 urbe
710 551 793 571 muro
811 547 839 571 et
861 543 935 571 fossa
960 542 1072 580 ingenti
1094 546 1222 580 saeptam
1239 541 1279 570 vi-

184 589 198 613 2
214 585 295 613 deret
318 594 410 623 eoque
435 594 489 613 nec
511 585 536 613 vi
554 594 608 614 nec
624 585 762 623 operibus
785 584 1006 623 expugnabilem
1030 593 1107 619 esse,
1132 593 1168 613 ne
1184 588 1234 613 aut
1249 592 1280 612 se

216 627 311 665 ipsum
329 636 396 656 cura
420 627 520 656 tuendi
537 627 711 656 Tarentinos
728 637 742 656 a
758 627 918 655 maioribus
933 626 1021 655 rebus
1038 630 1216 661 moraretur,
1232 630 1279 655 aut

216 670 245 698 in
262 669 379 698 relictos
392 669 455 698 sine
468 669 560 698 valido
574 669 715 707 praesidio
729 669 905 698 Tarentinos
920 669 1059 708 impetum
1074 677 1106 697 ex
1119 677 1195 702 arce,
1214 676 1280 697 cum

216 711 333 746 vellent,
349 711 472 740 Romani
488 712 626 747 facerent,
644 711 716 740 vallo
729 711 831 740 urbem
847 711 881 740 ab
895 720 960 740 arce
977 711 1167 749 intersaepire
1183 710 1281 739 statuit

183 759 198 782 3
215 763 273 783 non
297 754 359 782 sine
381 753 428 782 illa
452 753 536 782 etiam
553 763 621 792 spe,
645 762 711 782 cum
732 753 956 792 prohibentibus
978 762 1052 792 opus
1067 752 1205 781 Romanis
1220 761 1280 782 ma—

216 805 284 825 num
308 805 394 835 posse
410 796 524 825 conseri
542 801 569 824 et
591 796 615 824 si
638 796 763 825 ferocius
783 795 1053 834 procucurrissent,
1074 804 1176 832 magna
1195 795 1281 824 caede

216 838 253 867 ita
269 838 413 867 attenuari
430 838 565 876 praesidii
581 838 665 873 vires,
682 843 713 867 ut
730 837 812 866 facile
829 847 880 876 per
896 847 926 866 se
942 837 998 876 ipsi
1011 837 1162 866 Tarentini
1179 837 1281 866 urbem

185 885 199 909 4
216 880 250 909 ab
274 881 309 909 iis
330 880 403 909 tueri
428 884 557 919 possent.
589 880 638 909 ubi
664 884 800 918 coeptum
824 889 898 919 opus
919 884 975 917 est,
1000 879 1140 918 patefacta
1161 883 1281 918 repente

217 928 298 962 porta
323 923 463 962 impetum
480 923 509 951 in
534 922 693 951 munientis
710 923 842 951 fecerunt
857 921 980 951 Romani
1000 921 1128 960 pellique
1152 931 1182 950 se
1198 921 1280 951 statio

215 974 297 1003 passa
314 970 366 1000 est,
384 974 456 1003 quae
470 973 523 1003 pro
538 974 626 1003 opere
639 969 708 1000 erat,
725 969 756 993 ut
772 973 907 993 successu
925 968 1069 993 cresceret
1081 964 1198 993 audacia
1216 963 1281 1002 plu-

183 1012 198 1035 5
214 1016 319 1045 resque
335 1012 363 1036 et
379 1006 496 1044 longius
513 1007 613 1045 pulsos
636 1011 892 1045 prosequerentur.
928 1010 988 1035 tum
1006 1006 1089 1043 signo
1105 1006 1171 1034 (lato
1188 1005 1281 1034 coorti

216 1050 345 1088 undique
361 1049 451 1078 Poeni
468 1053 551 1082 sunt,
575 1057 649 1087 quos
671 1049 828 1077 instructos
851 1048 885 1077 ad
902 1048 957 1076 hoc
973 1047 1118 1077 Hannibal
1140 1052 1281 1077 tenuerat.
1316 1062 1318 1078 ι

248 1125 271 1147 9.
301 1125 453 1154 inscriptae]
473 1131 493 1147 S.
512 1124 552 1153 22,
575 1124 595 1153 l,
617 1124 659 1151 11;
680 1130 722 1146 an-

213 1156 270 1181 ders
295 1164 350 1181 vor·
369 1156 419 1181 und
439 1156 554 1181 nachher.
573 1170 606 1174 —
625 1158 652 1180 in
678 1157 722 1179 Ιιο-

214 1192 292 1222 spilio
312 1209 318 1215 .
339 1191 355 1222 .]
384 1190 423 1214 (lie
452 1190 649 1221 Wiederholung
679 1190 723 1213 der

212 1224 288 1256 Prap.
307 1224 347 1248 bei
367 1225 509 1248 inscribere
533 1224 566 1248 ist
583 1223 663 1248 selten
683 1223 722 1247 bei

212 1258 274 1287 Liv.,
293 1257 451 1289 gewohnlich
477 1257 519 1281 liat
537 1265 563 1281 er
582 1257 630 1281 den
650 1256 722 1281 Dativ

212 1291 298 1319 dabei;
331 1291 442 1323 gemeint
476 1290 530 1315 sind
565 1290 631 1314 wohl
664 1298 722 1314 vom

213 1325 299 1350 Staate
328 1325 457 1357 gegebene
486 1324 663 1356 Wohnungen.
689 1338 722 1342 —

213 1358 290 1391 civis]
311 1359 379 1383 nicht
392 1358 607 1383 alleinSoldaten.
626 1372 658 1375 —
678 1365 722 1381 va-

213 1395 285 1423 cuas]
313 1393 364 1424 vgl.
387 1394 426 1422 24,
446 1394 469 1423 7,
489 1394 516 1420 23
542 1392 578 1416 sie
603 1391 721 1416 wohnten

214 1426 342 1451 vielleicht
352 1434 401 1450 von
413 1426 459 1450 den
474 1425 583 1457 Biirgern
598 1428 722 1457 getrennt.

250 1462 288 1485 10.
317 1460 402 1489 domo]
426 1459 560 1487 kollekt.iv;
588 1459 628 1483 die
647 1459 722 1483 Attri-

213 1493 273 1517 bute
293 1496 417 1518 vertreten
437 1493 483 1517 den
503 1493 563 1517 Gen.
582 1492 626 1517 der
636 1492 720 1517 Subst.

213 1528 264 1557 (cii
260 1529 321 1551 ium
340 1527 390 1551 und
410 1527 547 1556 liostium);
565 1534 584 1550 8.
604 1534 634 1550 zu
649 1528 688 1555 24,
699 1528 724 1557 4,

213 1562 236 1585 2.
264 1575 297 1579 —
323 1560 440 1592 praedae
463 1558 642 1591 aliquantum]
670 1560 724 1585 ΡΟΙ.

214 1596 292 1625 34,1:
313 1593 419 1618 πολλων
438 1592 465 1618 δὲ
485 1592 724 1617 καιπαντοόαηῶν

212 1635 478 1668 κατασκευασμιιτωι
513 1626 723 1660 ἀθροισθέντων

213 1660 240 1686 ἐκ
259 1663 306 1692 τῧς
324 1661 477 1695 διαρπαγῆς
522 1681 526 1685 .

244 1696 285 1722 11.
308 1699 327 1720 1.
346 1698 450 1727 postero
469 1714 474 1720 .
487 1714 492 1719 .
511 1695 593 1725 ducit]
614 1695 656 1719 hat
675 1694 722 1719 Po-

213 1729 296 1761 lybios
315 1729 393 1757 nicht2
413 1729 458 1753 das
478 1728 594 1760 folgende
608 1737 686 1760 quam
697 1748 702 1754 .
716 1747 721 1752 .

214 1763 419 1795 ezpugnabilem
430 1771 482 1786 esse
496 1762 527 1787 ist
538 1762 666 1786 vielleicbt
679 1762 722 1787 der

214 1805 264 1821 von
283 1797 337 1822 Pol.
358 1798 398 1827 36,
412 1798 425 1821 3
446 1796 591 1821 ετννὲὶίιιιῑεη
611 1796 722 1820 Schilde—

214 1838 278 1862 rung
296 1830 339 1855 der
358 1831 424 1862 Lage
442 1830 486 1855 der
504 1830 577 1854 stadt
596 1830 721 1857 enssehnt:

214 1864 279 1888 denn
299 1864 379 1888 dieser
405 1863 469 1888 siihrt
488 1864 550 1888 nach
570 1863 614 1888 der
632 1871 662 1888 zu
684 1865 721 1893 10,

218 1900 246 1922 10
266 1898 430 1930 angesiihrten
450 1897 526 1922 stelle
546 1897 658 1929 sogleicli
677 1897 722 1921 mit

773 1122 829 1146 dem
854 1122 915 1152 sort,
941 1129 994 1146 was
1013 1121 1038 1145 L.
1060 1123 1098 1152 11,
1118 1123 1132 1146 2
1152 1121 1281 1147 berichtet.
1316 1130 1318 1155 3*

772 1169 806 1173 —-
815 1163 898 1187 paene
911 1154 1025 1187 insulae]
1039 1155 1108 1179 diese
1118 1155 1190 1179 Form
1203 1154 1281 1180 findet

773 1189 827 1213 sich
846 1190 862 1220 ξ
884 1190 926 1221 11;
947 1190 988 1220 31,
1006 1191 1047 1219 40,
1068 1191 1093 1217 1;
1117 1190 1157 1220 32,
1176 1190 1217 1219 21,
1236 1190 1282 1218 26;

773 1223 824 1254 vgl.
839 1223 926 1247 Catuli.
942 1224 982 1253 31,
995 1224 1016 1248 1.
1034 1237 1067 1240 —
1086 1222 1280 1254 circumluitur]

774 1257 810 1281 sie
837 1256 878 1288 lag
907 1264 946 1280 am
975 1255 1186 1280 nordwestlichen
1214 1255 1282 1281 Ende
1318 1278 1319 1289 ,

775 1290 818 1314 der
836 1289 995 1322 Landzunge,
1016 1290 1059 1314 auf
1075 1289 1119 1314 der
1136 1289 1228 1314 Terent
1245 1297 1281 1314 er-

774 1324 835 1348 baut
848 1331 908 1352 war,
927 1323 1089 1347 umnittelbar
1102 1330 1140 1347 am
1153 1323 1282 1356 Eingange

773 1358 797 1381 in
824 1357 872 1382 den
897 1357 990 1386 Hasen;
1016 1365 1035 1382 s.

774 1425 831 1457 her3
851 1432 872 1449 s.
892 1425 907 1456 ξ
928 1426 952 1449 9.
1319 1452 1321 1458 .

809 1460 831 1484 2.
851 1458 1150 1490 vallo..incersaepire]
1170 1457 1222 1490 vgl.
1242 1459 1280 1488 24,
1319 1461 1321 1470 “

774 1494 815 1522 23,
834 1494 863 1521 4;
887 1500 918 1516 zu
937 1493 978 1522 31,
997 1494 1037 1522 46,
1057 1493 1080 1515 9.

810 1528 832 1551 3.
850 1526 1060 1557 prohibentibus]
1071 1525 1239 1557 kondicional⁷
1249 1537 1281 1547 =

774 1557 858 1584 ‘wenn
886 1559 921 1584 sie
948 1558 1087 1584 versuchen
1114 1557 1223 1584 sollten’.
1248 1572 1281 1576 —

774 1595 920 1623 attenuari]
932 1593 983 1625 vgl.
994 1594 1033 1623 22,
1046 1594 1069 1622 8,
1080 1594 1108 1621 4;
1125 1593 1187 1617 auch
1199 1593 1281 1617 hierzu

774 1627 864 1658 gehiirt
881 1635 965 1658 posse.
989 1640 1023 1645 —
1044 1635 1071 1650 se
1090 1627 1150 1658 ipsi]
1170 1634 1190 1651 S.
1209 1634 1240 1651 zu
1259 1628 1281 1657 l,

807 1696 831 1719 4.
852 1693 965 1731 opusJS.
986 1694 1045 1724 §22
1065 1693 1120 1717 Pol.
1137 1694 1177 1723 34,
1188 1695 1216 1718 3:
1231 1701 1280 1726 χα-

774 1736 844 1759 pana
868 1726 1037 1765 παραλληλον
1062 1728 1101 1757 τῷ
1128 1725 1209 1759 τείχει
1235 1727 1280 1756 τῆς

773 1758 951 1820 ἕέἕῗῖιῧὲῗιζ
965 1757 1234 1822 (Ζυωῃέἶιιὲἱέωὲῗέ.
1237 1767 1280 1818 1ῗῖ

774 1829 878 1857 ὺείῑεῐὶ;
897 1828 948 1860 vgl.
967 1829 1044 1857 18‚5;
1064 1829 1195 1858 24,11,5;
1215 1828 1279 1852 Curt.
1322 1854 1323 1861 ¹

773 1865 797 1892 4,
808 1863 831 1892 2,
843 1863 885 1889 21;
905 1861 995 1886 anders
1006 1863 1046 1891 24,
1058 1863 1097 1892 22,
1111 1864 1132 1886 1.
1147 1861 1279 1893 —plures

774 1899 799 1920 et
817 1896 931 1927 longius]
951 1904 970 1920 s.
990 1903 1020 1920 zu
1040 1897 1080 1925 21,
1096 1896 1152 1927 S,9.
1170 1908 1203 1913 —
1219 1902 1279 1927 pro·
1322 1907 1323 1910 ¹

1144 92 1162 105 a.
1172 91 1192 105 u.
1204 91 1222 105 c.
1233 85 1275 105 542.
1306 83 1309 92 '

774 1391 838 1415 altis
856 1391 977 1422 rupibus]
998 1398 1044 1415 nur
1054 1357 1160 1415 §orlber
1171 1365 1281 1415 Segsygffe
