1332 2150
66 102 87 118 a.
96 95 142 118 chr.
150 100 171 115 n.
181 94 224 114 212.

395 84 488 110 LlBER
506 84 580 111 XXV.
616 84 685 110 CAP.
704 86 744 110 21.
765 86 804 110 22.
1070 81 1130 111 167

67 177 108 204 set
122 172 245 207 animus,
262 171 365 201 deinde
382 180 434 210 per
450 170 600 200 libidinem
616 174 666 200 aut
682 176 791 200 metum
811 170 1008 200 deserentium
1023 169 1132 199 locum.

66 215 156 256 prima
172 213 247 252 legio
265 218 293 243 et
316 213 431 243 sinistra
447 213 489 243 ala
512 214 541 243 in
562 213 657 252 primo
679 213 852 248 instructae,
879 218 907 242 et
923 213 952 242 in
975 211 1163 251 longitudi·6

65 266 130 288 nem
137 261 279 304 porrecta
295 256 380 286 acies.
411 248 604 285 clamantibus
625 255 751 285 tribunis
767 255 839 284 nihil
855 255 998 284 introrsus
1019 254 1134 284 roboris
1148 260 1162 284 7

64 309 97 330 ac
118 299 221 329 virium
238 308 300 328 esse
317 304 360 334 et,
381 307 565 337 quacumque
581 298 722 337 impetum
738 297 884 333 fecissent
900 297 992 326 hostis
1008 306 1132 336 perrup-

64 347 162 377 turos,
184 341 273 375 nihil,
296 341 373 380 quod
390 341 514 370 salutare
530 345 620 376 esset,
644 349 702 369 non
725 340 811 369 modo
828 340 862 369 ad
883 340 1013 369 animum
1029 340 1079 368 sed
1097 348 1134 369 ne

64 384 99 415 ad
114 393 198 414 aures
222 384 339 422 quidem
364 383 541 412 admittebat.
573 387 601 412 et
623 382 765 412 Hannibal
790 383 1014 421 haudquaquam
1032 381 1135 411 similis
1149 386 1163 411 8

64 427 120 457 dux
143 435 238 465 neque
260 426 346 455 simili
371 426 499 455 exercitu
525 434 619 464 neque
643 425 678 454 ita
702 425 845 454 instructo
868 424 974 454 aderat.
1010 433 1079 462 ergo
1098 433 1134 453 ne

64 469 219 499 clamorem
236 468 352 507 quidem
369 474 455 507 atque
476 468 615 507 impetum
639 467 765 506 primum
789 476 889 497 eorum
906 466 1029 496 Romani
1045 466 1134 496 susti-

64 520 163 542 nuere.
194 511 261 547 dux,
278 511 398 540 stultitia
414 515 441 540 et
458 510 618 540 temeritate
634 510 774 539 Centenio
791 519 853 549 par,
869 509 967 539 animo
983 509 1134 548 haudqua·
1150 513 1164 537 9

64 563 150 593 quam
166 554 391 593 comparandus,
408 553 457 582 ubi
474 562 534 582 rem
552 552 719 582 inclinatam
735 561 768 582 ac
784 551 955 591 trepidantis
968 560 1037 581 suos
1049 551 1133 586 videt,

64 605 140 635 equo
151 601 267 635 arrepto
283 604 349 625 cum
361 595 494 625 (lucentis
507 596 597 624 ferme
610 595 757 634 equitibus
770 595 887 633 effugit:
901 598 997 624 cetera
1010 603 1025 624 a
1035 594 1132 623 fronte
1150 598 1178 622 1ο

64 639 157 678 pulsa,
173 638 237 668 inde
253 649 270 668 a
286 643 367 676 tergo
383 643 470 676 atque
484 637 537 667 alis
549 638 745 667 circumventa
762 637 838 666 acies
854 646 888 666 eo
905 645 998 675 usque
1011 641 1054 666 est
1069 645 1134 665 cae-

63 690 110 716 sa,
132 686 164 711 ut
180 690 214 710 ex
236 680 434 718 duodeviginti
452 679 570 709 milibus
586 680 738 709 hominum
755 680 812 709 duo
829 679 906 708 milia
922 679 998 708 haud
1010 678 1135 718 amplius

64 724 216 754 evaserint.
233 723 334 753 castris
349 723 448 752 hostes
463 722 546 762 potiti
561 727 639 752 sunt.

148 766 209 795 Hae
231 766 326 795 clades
348 774 436 804 super
458 765 542 795 aliam
564 765 618 794 alia
634 764 755 794 Romam
779 773 845 793 cum
862 768 960 793 essent
976 763 1135 798 nuntiatae,
1150 764 1187 791 ‘22

63 809 168 847 ingens
184 809 300 847 quidem
318 812 346 837 et
362 807 458 837 luctus
473 812 501 837 et
517 816 605 846 pavor
621 807 763 837 civitatem
780 807 872 846 cepit:
889 806 939 836 sed
955 811 1050 835 tamen
1068 805 1135 844 quia

63 851 216 886 consules,
239 850 289 880 ubi
305 859 417 880 summa
439 859 536 879 rerum
553 854 643 884 esset,
666 850 699 879 ad
717 850 744 879 id
761 849 894 878 locorum
917 857 1057 888 prospere
1073 856 1135 877 rem

63 897 207 932 gererent,
224 893 323 922 minus
338 893 383 922 his
399 892 529 922 cladibus
545 891 812 922 commovebantur.
843 891 953 929 legatos
975 891 1010 920 ad
1027 899 1134 920 consu·
1151 895 1165 919 2

64 936 105 965 les
117 936 236 965 mittunt
248 936 278 965 C.
292 935 458 964 Laetorium
472 934 510 964 M.
522 935 675 969 Metilium,
693 935 742 973 qui
756 934 936 969 nuntiarent,
952 938 984 963 ut
996 932 1135 972 reliquias

63 978 188 1008 duorum
205 978 384 1007 exercituum
402 986 468 1006 cum
485 986 553 1007 cura
570 977 741 1015 colligerent
762 977 924 1015 darentque
941 984 1076 1015 operam,
1100 984 1136 1004 ne
1151 980 1165 1004 3

63 1035 190 1060 wiescnen
209 1035 324 1063 Platzen:
344 1043 365 1060 s,
377 1036 417 1063 22.
427 1037 450 1063 5,
463 1036 485 1059 3.
500 1036 522 1059 7.
539 1049 572 1053 —

62 1069 166 1094 tulisset
189 1070 302 1100 animus]
331 1069 402 1099 Conj.
426 1068 571 1097 iterativus:

63 1105 167 1128 animus
194 1103 248 1132 fer-l
264 1115 298 1125 =
316 1099 370 1127 ‘der
392 1102 460 1127 Geist
487 1102 572 1132 treibt,

62 1137 132 1170 giebt
150 1144 177 1162 es
196 1133 284 1165 ein..’;
304 1144 325 1162 s.
344 1138 386 1167 30,
406 1136 571 1175 12,14;vgl.

63 1172 103 1199 38
123 1172 162 1201 27,
182 1172 256 1196 2.-
274 1179 323 1203 per
347 1170 491 1200 libidinem]
516 1168 571 1195 ‘aus

62 1202 177 1231 Willkiir'
197 1204 394 1243 (Beweggrund,
415 1204 463 1229 wie
483 1205 522 1233 22,
534 1205 571 1234 3);

61 1239 153 1264 vorher
163 1239 198 1263 ad
209 1236 358 1263 libidinem
363 1238 426 1263 nach
435 1223 573 1263 Belieben’.

96 1274 119 1298 6.
147 1274 246 1304 prima]
269 1272 338 1297 diese
363 1272 406 1296 hat
433 1275 504 1296 sonst
529 1279 572 1303 ge-

63 1307 191 1332 wohnlich
209 1307 278 1332 einer
296 1306 340 1331 der
352 1306 477 1334 Ronsulm
497 1313 517 1331 s.
532 1307 572 1336 24,

62 1341 103 1370 36,
122 1343 150 1373 4:
174 1342 216 1372 27,
238 1343 259 1370 l,
278 1342 290 1364 7
318 1340 394 1365 heisst
418 1339 454 1364 sie
479 1341 572 1371 quinta

63 1374 140 1406 legio.
166 1389 199 1392 -
225 1375 335 1398 sinistra
359 1374 412 1404 ala]
438 1373 478 1398 die
500 1373 573 1398 Fuss-

62 1411 169 1441 truppen
184 1408 228 1433 der
238 1407 466 1440 Bundesgenossen
480 1414 573 1438 waren,

62 1441 110 1467 den
120 1443 247 1475 Legionen
261 1441 454 1474 entsprechend,
474 1441 497 1465 in
509 1441 573 1466 zwei

63 1476 130 1507 alae,
149 1477 190 1501 die
207 1476 302 1500 dextra
316 1475 367 1500 und
380 1477 498 1505 sinistra,
513 1474 573 1505 jede

63 1517 93 1535 zu
112 1511 178 1536 4200
196 1510 280 1549 Manu,
299 1510 401 1542 geteilt:
421 1516 442 1534 5.
460 1510 501 1539 27,
515 1511 538 1539 2,
550 1510 573 1533 7.

63 1557 95 1562 —
106 1546 134 1569 iu
145 1546 243 1576 przmo]
256 1540 299 1568 im
311 1541 512 1573 Vordertreffen’,
525 1542 574 1567 wie

63 1582 135 1603 sonst
156 1580 244 1610 prima
270 1579 352 1605 acies;
377 1577 428 1609 v.gl
448 1578 470 1607 2,
490 1578 530 1607 20,
549 1578 573 1601 7.

66 1613 109 1641 10:
130 1613 277 1643 10‚14,17·.
297 1614 327 1636 ni
338 1610 454 1636 secunda
468 1612 537 1635 acies
548 1630 554 1636 .
565 1630 571 1635 .

64 1647 93 1670 in
109 1648 226 1678 primum
244 1647 422 1672 successisset:
442 1646 482 1674 36,
499 1645 536 1673 18,
551 1645 573 1669 2.

64 1693 96 1698 -—
122 1682 151 1704 in
178 1678 381 1712 longitudinem]
412 1679 457 1703 mit
484 1678 574 1703 breiter

63 1713 153 1743 Front,
181 1714 247 1739 ohne
270 1713 340 1738 Tiet'e
367 1713 446 1744 (nihil
474 1714 572 1736 intror-

64 1750 166 1778 ενδ-..Μ
186 1755 206 1773 s.
225 1749 248 1777 2,
269 1749 309 1778 31,
330 1749 355 1775 2;
376 1748 471 1777 2245,
486 1748 513 1774 7:
533 1747 573 1776 33,

64 1781 89 1812 8,
115 1783 158 1807 14:
183 1782 266 1813 longa
293 1784 382 1813 potius
410 1788 489 1812 quam
518 1780 572 1804 lata

65 1817 142 1841 acies.
177 1815 244 1840 Uber
273 1815 313 1840 die
341 1814 503 1846 Aufsteltung
529 1813 574 1838 der

65 1847 183 1882 Truppen
201 1857 221 1874 s.
241 1850 282 1879 27,
299 1851 358 1881 l,7;
378 1853 451 1874 sonst
468 1848 502 1872 ist
520 1847 573 1872 die-

65 1883 134 1908 selbe
161 1883 223 1908 nach
251 1883 299 1908 den
325 1883 378 1908 drei
403 1882 573 1914 Abteilungen

65 1916 110 1942 der
129 1918 236 1948 hastati,
254 1919 399 1949 principes,
418 1918 510 1941 triarii
522 1923 573 1940 von

624 1034 703 1059 selbst
722 1034 850 1066 gegeben:
869 1041 889 1058 s.
909 1035 932 1064 S,
952 1035 976 1065 S,
995 1035 1018 1058 5.

658 1070 682 1093 7.
708 1068 811 1092 roboris
829 1075 861 1092 ac
879 1068 987 1097 virium]
1007 1075 1027 1092 s.
1048 1068 1089 1097 33,
1107 1068 1134 1094 ὅς

625 1103 665 1131 21,
684 1103 724 1132 40,
744 1104 772 1130 S:
801 1101 852 1133 vgl.
871 1102 913 1132 27,
931 1102 972 1131 46,
992 1102 1014 1126 3.
1039 1115 1073 1118 —
1101 1100 1137 1124 ad

624 1144 702 1160 aures
731 1135 894 1166 admittebat]
923 1135 975 1167 vgl.
1003 1136 1027 1166 7,
1050 1136 1086 1163 19.
1106 1136 1135 1163 5:

624 1172 664 1200 30,
684 1172 708 1201 3,
726 1171 754 1194 7.
773 1170 884 1194 auribus
903 1169 1018 1194 admisit.

659 1189 682 1229 ³8.
711 1207 735 1227 et
753 1203 898 1233 Hannibal]
916 1200 977 1227 und
1003 1198 1135 1232 iiberdies',

623 1238 688 1262 dazu
706 1237 774 1268 kam,
791 1236 863 1262 dal's.

658 1273 682 1297 9.
705 1272 821 1303 arrepto]
842 1272 914 1295 sonst
932 1270 987 1294 sind
1006 1269 1046 1294 die
1065 1269 1137 1295 Feld-

624 1305 712 1330 herren
732 1304 899 1345 gewfihnlicb
913 1311 944 1328 zu
963 1303 1060 1328 Pserde.

661 1341 700 1364 10.
728 1339 798 1369 inde]
813 1335 909 1369 ‘’‚dann
928 1338 1017 1362 sobald
1036 1338 1072 1363 sie
1091 1344 1136 1362 an-

625 1373 710 1403 fingen
729 1380 760 1397 zu
779 1372 880 1398 ssiehen.

658 1405 704 1433 22.
735 1408 755 1431 1.
782 1415 863 1438 super
881 1405 964 1430 aliam
983 1405 1049 1434 alia]
1077 1404 1137 1429 fiber

625 1440 665 1465 die
688 1440 830 1472 Wortfolge
857 1448 877 1465 s.
903 1447 934 1464 zu
959 1442 982 1470 6,
1006 1441 1043 1470 10,
1061 1440 1083 1464 S.
1104 1453 1136 1456 —

625 1476 680 1505 ubi]
697 1487 730 1496 ,τ
745 1482 824 1506 penes
843 1482 915 1506 quos.
952 1473 996 1498 Die
1014 1473 1136 1497 relativen

625 1508 750 1533 Adverbia
764 1507 866 1533 werden
885 1506 972 1539 hfmfig
989 1509 1050 1532 statt
1069 1506 1137 1531 einer

626 1543 698 1574 Prap.
712 1542 758 1567 mit
770 1541 827 1567 dem
840 1541 1080 1574 Relativpronomen
1095 1540 1139 1565 aus

625 1576 711 1601 Subst.
731 1576 856 1608 bezogen;
880 1576 933 1607 vgl.
954 1576 992 1605 13,
1012 1577 1039 1602 5:
1062 1576 1135 1604 zul,

626 1611 666 1641 34,
689 1612 704 1635 4
733 1610 812 1639 (nicht
839 1610 919 1635 selten
947 1609 986 1633 bei
1014 1609 1084 1638 Cic).
1103 1622 1136 1626 —

625 1652 727 1668 summa
746 1645 845 1674 rerum]
865 1640 914 1668 die
930 1639 1136 1674 Entscheidung’,

625 1679 784 1709 s.,35,S:
812 1676 1137 1708 27,20,..6ua—ad

626 1712 654 1736 id
672 1713 799 1742 locor-um]
819 1720 840 1737 5.
858 1719 889 1736 zu
905 1712 943 1741 19,
961 1713 998 1735 ll.
1016 1725 1049 1728 —
1067 1717 1136 1734 com-

624 1746 807 1775 movebantur]
827 1745 888 1778 geht
905 1745 949 1769 aus
966 1746 1059 1768 citilas
1073 1744 1136 1775 (vgl.

625 1782 649 1810 5,
660 1781 701 1810 39,
711 1781 745 1811 4),
764 1780 819 1811 §2.
827 1753 948 1803 gmittunt
965 1778 1008 1802 aus
1025 1778 1072 1803 den
1092 1777 1135 1802 Se-

625 1816 669 1838 nat
686 1813 736 1845 (die
755 1814 864 1845 patres).

659 1849 683 1872 2.
702 1847 865 1877 Laetorium]
885 1855 904 1871 s.
924 1848 963 1877 23,
983 1847 1024 1877 30,
1045 1847 1083 1872 16.
1103 1860 1136 1864 -

626 1880 765 1912 Metilium]
779 1885 851 1906 sonst
861 1881 929 1905 nictit
941 1879 1065 1909 bekannt:
1084 1880 1135 1912 vgl.

625 1923 657 1939 zu
675 1916 716 1945 22,
735 1916 776 1944 25,
796 1916 818 1940 3.
