1332 2150
68 146 87 161 ι.
97 140 145 161 Οὶπ.
156 140 228 169 u.210.

431 129 524 155 LIBER
543 128 630 154 xxw.
664 128 735 153 GAP.
756 129 795 153 31.
1099 125 1137 155 83

68 218 186 248 suerunt
208 217 322 251 hostes,
347 215 419 245 nihil
441 215 578 249 interest,
602 223 682 244 nunc
698 223 733 243 au
757 214 819 243 vivo
837 213 965 243 Hierone
981 213 1138 252 Syracusas

69 259 244 289 violaverim.

286 259 330 288 siu
351 263 448 288 autem
471 258 655 287 desciverunt
677 266 694 286 a
720 256 825 295 populo
845 256 991 290 Romano,
1014 255 1138 286 hostibus
1153 261 1168 286 3

67 306 243 342 aperuerunt
266 306 383 341 portas,
410 300 521 339 legatos
537 305 653 329 nostros
674 300 752 328 ferro
774 304 860 337 atque
876 299 963 328 armis
980 299 1138 338 petierunt,

66 345 167 375 urbem
193 353 226 373 ac
246 344 361 373 moenia
385 343 553 373 clauserunt
576 342 764 380 exercituque
781 340 1064 378 Carthaginiensium
1087 342 1137 371 ad-

66 396 165 417 versus
189 395 242 416 nos
266 387 347 415 tutati
365 391 451 421 sunt,
472 386 538 424 quis
560 394 660 424 passos
676 393 739 413 esse
762 383 891 418 hostilia,
915 393 982 413 cum
1007 384 1138 419 fecerint,

66 427 257 468 indignatur?
273 429 412 458 tradentis
428 428 529 457 urbem
555 427 704 467 principes
719 426 969 465 Syracusanorum
992 432 1138 456 aversatus
1153 432 1168 456 4

65 481 147 508 sum;
171 471 266 501 Sosim
291 476 319 500 et
341 471 501 500 Moericum
523 470 703 509 Hispanum,
726 468 833 508 quibus
854 473 963 498 tantam
986 469 1136 500 crederem

66 524 134 550 rem,
151 514 281 554 potiores
304 513 402 542 habui.
434 522 492 542 non
510 513 579 541 estis
600 512 719 542 extremi
737 512 1004 550 Syracusanorum,
1027 512 1136 551 quippe

65 558 113 597 qui
127 557 190 587 aliis
201 556 391 586 humilitatem
405 555 550 585 obiciatis:
568 555 632 594 quis
645 559 688 584 est
699 559 836 588 vestrum,
853 554 902 592 qui
913 563 943 583 se
956 554 1026 583 mihi
1040 559 1138 593 portas
1153 560 1167 583 5

64 605 249 640 aperturum,
271 599 319 637 qui
336 603 462 628 armatos
477 598 584 627 milites
599 606 680 626 meos
697 598 727 626 iu
744 596 847 626 urbem
864 602 1052 635 accepturum
1069 606 1137 635 pro-

64 640 198 672 miserit?
225 641 326 671 odistis
352 646 378 670 et
406 640 595 670 exsecramini
624 649 691 674 eos,
719 640 768 678 qui
797 640 927 668 fecerunt
939 661 946 674 ‚
974 644 1002 668 et
1026 648 1062 668 ne
1089 639 1138 669 hic

64 685 181 724 quidem
199 683 385 713 contumeliis
402 684 431 713 in
448 692 498 713 eos
514 682 645 712 dicendis
662 682 795 721 parcitis;
815 686 927 711 tantum
944 681 1043 717 abest,
1059 687 1091 711 ut
1107 686 1136 711 et

63 727 119 766 ipsi
135 727 191 757 tale
207 727 363 766 quicquam
380 726 484 755 facturi
505 725 628 755 fueritis.
659 725 721 764 ipsa
738 724 886 754 humilitas
902 733 1021 759 eorum,
1041 729 1138 763 patres
1152 729 1167 753 6

63 769 231 808 conscripti,
244 778 329 807 quam
338 768 384 797 isti
397 768 540 802 obiciunt,
552 767 677 797 maximo
687 772 859 805 argumento
869 771 912 796 est
920 776 966 796 me
980 766 1136 802 neminem,

64 813 113 851 qui
128 817 258 841 navatam
275 820 394 850 operam
412 811 452 840 rei
469 810 604 849 publicae
620 815 736 839 nostrae
753 809 856 844 vellet,
877 814 1038 839 aversatum
1062 819 1135 838 esse.

63 860 90 884 et
106 859 260 893 antequam
277 854 442 883 obsiderem
459 853 631 891 Syracusas,
655 861 734 882 nunc
750 852 851 891 legatis
872 852 1032 887 mittendis,
1055 861 1136 881 nunc
1150 858 1163 881 7

63 897 98 926 ad
110 897 301 936 conloquium
313 896 410 925 eundo
424 896 559 935 temptavi
568 904 670 935 pacem
683 899 711 924 et
721 899 909 934 posteaquam
920 904 1015 933 neque
1025 895 1136 933 legatos

62 939 189 969 violandi
205 939 379 968 verecundia
396 943 472 973 erat,
494 948 549 968 nec
565 938 635 967 mihi
653 938 709 977 ipsi
725 946 884 976 congresso
901 937 935 967 ad
953 941 1052 976 portas
1069 946 1135 967 cum

61 1013 120 1039 dern
132 1013 170 1038 ein
184 1013 326 1043 Naehwffis,
340 1013 394 1038 dass
405 1014 457 1038 sein
469 1013 573 1038 Veriah-

61 1055 103 1072 ren
122 1047 248 1072 durchaus
267 1047 429 1079 rechtmassig
446 1054 572 1079 gewesen.

95 1083 118 1107 2.
129 1089 163 1106 an
178 1083 236 1105 vivo
247 1080 372 1113 Hierone]
391 1081 415 1105 in
429 1081 512 1113 Bezug
530 1081 575 1105 aus

61 1117 135 1146 30,1.
153 1129 186 1134 —-
206 1115 369 1145 violaverim]
389 1123 408 1139 s.
420 1116 459 1145 24,
471 1116 511 1144 20,
529 1117 571 1139 10:

60 1149 201 1177 violatum:
226 1151 266 1179 38,
285 1150 308 1179 9,
332 1151 374 1174 14:
404 1149 572 1174 mimme-

62 1187 115 1208 tum
134 1183 300 1207 violatumve.

94 1219 116 1243 3.
125 1217 292 1242 desciverunt
299 1237 305 1242 .
313 1218 328 1247 ⁴]
339 1216 380 1242 die
386 1216 572 1248 Wortstellung

60 1251 102 1284 ist,
121 1251 169 1276 wie
188 1251 224 1276 oft
238 1251 277 1275 bei
290 1251 352 1281 Liv.,
371 1250 520 1278 chiastisch;
540 1258 571 1275 zu

61 1286 176 1310 hostibus
195 1287 359 1317 aper-uerunt
382 1292 400 1309 s.
414 1286 463 1316 ἐξ).
482 1286 523 1315 30,
541 1286 570 1313 7;

62 1320 102 1350 24,
116 1320 156 1350 32,
170 1319 212 1344 41.
231 1333 263 1337 —
283 1319 401 1350 legatos.
412 1320 428 1348 .]
447 1326 468 1344 s.
479 1319 519 1346 24.
531 1319 571 1350 33,

61 1353 101 1378 2s.
119 1368 152 1371 —
172 1361 203 1377 ac
222 1353 336 1384 moenia]
357 1352 394 1377 als
413 1352 458 1376 das
478 1352 570 1376 bedeu-

60 1387 159 1412 teudste
178 1387 350 1419 hinzugefsigt.
362 1401 393 1404 —
405 1386 570 1417 clauserunt]

60 1421 134 1446 nfiml.
159 1420 295 1450 Roma⁷11·s;
320 1429 339 1445 s.
365 1422 406 1451 24,
431 1421 471 1450 33,
490 1421 512 1445 9.
538 1434 570 1438 -

61 1457 230 1486 emere-itaque
241 1475 246 1479 .
256 1456 272 1484 .]
283 1463 302 1479 s.
314 1456 354 1484 24,
366 1456 406 1484 35,
417 1455 431 1479 3
442 1454 470 1482 f.;
482 1455 522 1485 25,
530 1455 570 1484 26,

60 1489 100 1515 4f.
120 1503 148 1507 —
170 1489 339 1520 indignatur]
359 1488 456 1513 starker
474 1488 511 1513 als
531 1490 569 1512 in-

61 1523 193 1555 dignetur.

94 1558 168 1582 4-6.
190 1556 370 1588 Widerlegupg
394 1564 443 1581 von
468 1558 508 1586 30,
528 1556 569 1581 3r.

61 1590 137 1616 durch
150 1591 203 1616 ihre
214 1591 318 1623 eigenen
331 1589 508 1622 Ausserungen
519 1589 570 1614 und

61 1623 165 1650 Thaten.

95 1660 118 1684 4.
137 1659 277 1690 tradentis]
295 1656 347 1682 ‘die
365 1676 386 1682 ..
400 1657 568 1690 beabsichtig-

64 1689 121 1720 ten':
138 1700 159 1718 s.
177 1694 217 1722 28,
237 1694 265 1721 2;
289 1694 326 1723 10,
344 1694 381 1722 19,
397 1694 417 1716 ι.
430 1692 567 1722 -50se'm]

60 1723 142 1751 ‘einen
159 1723 245 1752 Sosis'.
269 1741 301 1744 —
321 1726 497 1750 humilitatem
515 1727 569 1749 obi-

65 1760 149 1790 ciam]
167 1767 187 1785 s.
205 1762 245 1792 30,
265 1763 288 1786 ὃ.

98 1794 121 1818 5.
139 1793 237 1825 odistis]
253 1793 388 1819 ‘vielmehr
399 1814 404 1819 .
415 1791 426 1817 .'
455 1808 488 1811 —
507 1801 568 1818 con-

64 1827 176 1851 tumeliis
190 1846 195 1852 .
206 1847 212 1852 .
222 1828 339 1853 dicendis
363 1829 486 1860 pat-citii]
512 1827 567 1852 eine

63 1860 158 1885 settene
182 1861 355 1895 Verbindmg:
381 1870 401 1887 s.
424 1863 462 1891 10,
483 1863 521 1890 12,
541 1863 567 1887 S:

64 1894 171 1918 urbibus
183 1896 369 1927 oppugnandis
384 1899 568 1927 ωηεν-Μανῆς

63 1927 114 1960 vgl.
133 1936 163 1953 zu
182 1929 272 1961 25,25,
283 1931 304 1956 6,
320 1945 352 1948 -
367 1933 470 1954 tantum
489 1931 569 1960 abest,

63 1965 91 1986 ut
102 1981 107 1987 .
119 1982 124 1987 .
134 1961 252 1995 fueritis]
263 1963 302 1989 die
313 1964 489 1996 gewohnliche
500 1963 568 1988 Kon-

625 1012 750 1037 struktion
771 1013 850 1036 ware:
877 1014 980 1036 tantum
999 1013 1083 1042 abest,
1107 1015 1137 1036 ut

627 1066 632 1071 .
644 1046 779 1075 ‚fuet-itis,
802 1048 831 1070 ut
850 1046 972 1074 oderitis;
998 1046 1042 1070 der
1060 1046 1136 1070 letzte

624 1080 743 1105 Gedauke
768 1080 800 1104 ist
825 1080 870 1104 mit
894 1080 1033 1112 grosserem
1052 1080 1135 1104 Nach-

624 1114 702 1139 druck
732 1113 807 1138 allein
837 1114 1055 1146 ausgesproehen,
1086 1114 1135 1139 wie

624 1148 687 1173 auch
707 1151 778 1173 sonst
798 1147 928 1172 bisweileu
949 1148 1011 1173 nach
1032 1151 1135 1172 tantum

625 1183 696 1206 abest
715 1182 759 1206 der
777 1182 833 1206 eine
851 1182 909 1206 Satz
935 1182 979 1206 mit
998 1185 1028 1206 ut
1046 1190 1078 1206 zu
1098 1189 1134 1206 er-

623 1217 720 1248 g‘einzen
738 1216 783 1243 ist;
803 1215 856 1248 vgl.
875 1217 900 1245 4,
919 1218 958 1246 58,
978 1217 1005 1245 2;
1025 1216 1074 1240 Cic.
1094 1215 1134 1240 ad.

623 1252 675 1275 Ait.
695 1252 718 1281 6,
738 1251 761 1280 2,
779 1251 798 1274 l.
818 1264 852 1267 —
872 1250 923 1274 tale
942 1251 1093 1281 quicquam]
1113 1257 1132 1274 s.

623 1286 664 1314 23,
683 1286 707 1315 9,
726 1285 754 1311 9:
775 1285 931 1315 quicquam,
951 1284 1007 1308 weil
1027 1284 1070 1308 der
1088 1283 1134 1308 Ge-

622 1317 705 1343 dauke
725 1318 826 1350 negativ
846 1317 891 1342 ist:
912 1318 950 1341 ihr
963 1317 1061 1342 wiirdet
1074 1318 1135 1348 (wa-

622 1355 661 1377 ret
684 1352 723 1376 ihr
748 1359 778 1375 an
803 1352 876 1382 jener
901 1351 979 1376 Stelle
1005 1354 1134 1384 gewesen)

623 1386 705 1410 nichts
717 1405 722 1410 .
735 1405 740 1410 .

658 1422 680 1444 6.
702 1422 761 1451 ipsa
779 1419 932 1444 humilitas.
944 1421 960 1449 .]
980 1418 1023 1443 der
1037 1419 1135 1444 Redner

623 1454 690 1478 zieht
707 1461 753 1478 aus
772 1453 828 1478 dem
842 1453 979 1478 Umstande
999 1453 1071 1477 einen
1091 1453 1134 1478 der

623 1488 729 1512 Ansicht
747 1487 790 1512 der
801 1487 929 1519 Anklager
942 1490 972 1517 (s.
986 1488 1026 1518 30,
1037 1489 1061 1517 6)
1081 1490 1134 1511 ent-

624 1524 836 1555 gegengesetzten
847 1521 957 1546 Schluss.
970 1535 1002 1539 —
1016 1523 1133 1545 maoez’mo

623 1559 781 1587 argumento
793 1557 840 1586 est]
851 1554 969 1580 ‘beweist
981 1555 1036 1580 auss
1050 1555 1133 1580 schla-

623 1587 750 1622 gendste';
769 1589 821 1621 vgl.
840 1597 871 1614 zu
890 1590 930 1621 41,
953 1591 991 1614 19.

657 1623 813 1655 7.Widerleg
819 1631 869 1655 ung
880 1623 958 1648 durch
970 1623 1132 1655 Ausl'iihrung

622 1658 728 1687 dessen‚
754 1665 806 1682 was
826 1665 853 1682 er
871 1658 950 1682 selbst
969 1658 1060 1689 gethan
1081 1657 1131 1682 hat.

621 1706 653 1710 -—
672 1699 743 1716 nunc
762 1692 857 1723 legatis
868 1711 874 1717 .
885 1693 901 1721 .]
921 1700 940 1716 s.
954 1693 995 1720 24,
1009 1693 1050 1723 33,
1063 1692 1086 1716 2.
1099 1705 1132 1709 -—

620 1727 748 1757 temptavi
771 1726 871 1757 pacem]
894 1724 945 1750 ‘ich
970 1725 1034 1750 habe
1059 1725 1132 1750 einen

623 1759 733 1784 Versuch
753 1757 975 1792 auf..gemacht',
994 1759 1018 1784 d.
1039 1759 1062 1783 h.
1080 1756 1130 1783 ‘ich

621 1794 684 1818 habe
704 1793 831 1823 versucht,
849 1793 896 1818 den
908 1794 945 1818 Fr.
959 1801 989 1817 zu
1007 1790 1131 1821 erzielen';

620 1835 641 1852 s.
652 1829 693 1858 23,
707 1829 745 1858 14,
755 1830 780 1856 5;
797 1828 849 1859 vgl.
860 1829 884 1857 2,
895 1829 935 1858 25,
951 1829 970 1852 l.
984 1841 1017 1845 —
1027 1830 1131 1858 postea-

621 1863 709 1893 quam]
729 1869 748 1886 s.
758 1862 782 1892 9,
793 1863 835 1893 45,
849 1864 890 1891 113
911 1863 951 1891 23,
962 1862 1002 1891 29,
1017 1863 1058 1889 17;
1078 1860 1130 1893 vgl.

621 1897 661 1926 32,
684 1897 721 1925 ll,
738 1897 766 1927 S;
786 1897 827 1925 35,
842 1897 882 1925 25,
897 1898 924 1921 3:
945 1903 997 1919 non
1017 1898 1095 1919 autea
1107 1914 1131 1921 ..

622 1937 713 1962 quam:
734 1930 794 1954 iiber
812 1929 857 1954 das
876 1929 947 1961 impf.
966 1937 986 1954 s.
1006 1930 1029 1959 2,
1048 1930 1088 1957 25,
1107 1930 1131 1954 3.

622 1978 654 1982 --
675 1964 833 1988 verecundia
853 1965 920 1994 erat]
940 1963 991 1995 vgl.
1002 1964 1042 1993 24,
1052 1964 1093 1993 42,
1107 1964 1131 1988 9.

895 2005 926 2030 ὃ*
