1332 2150
199 52 259 82 196

522 55 614 80 LIBER
633 55 706 81 XXV.
742 55 811 81 CAP.
830 57 870 82 34.
889 56 939 89 353

196 145 223 169 ta
251 145 307 175 est3
336 145 464 170 ceterum
491 145 522 170 ut
543 141 577 170 ad
601 141 813 180 erumpendum
835 141 911 171 inter
932 142 1070 171 Numidas
1096 142 1260 182 leviumque

154 188 180 212 14
197 191 344 211 armorum
357 182 411 212 alia
426 183 530 212 auxilia
546 183 622 212 haud
636 183 752 212 difficile
769 188 839 219 erat,
855 184 893 213 ita
910 184 1037 222 effugere
1049 188 1161 214 tantum
1178 185 1260 224 equi-

195 230 256 253 tum
279 225 520 265 aequantiumque
542 234 632 264 equos
651 225 801 255 velocitate
818 226 946 265 peditum
964 226 1008 255 vix
1028 230 1177 265 poterant;
1195 236 1260 256 cae-

196 267 279 305 sique
300 276 392 306 prope
414 267 512 306 plures
535 267 564 296 in
587 268 653 305 fuga
678 277 764 306 quam
786 268 815 297 in
838 278 935 307 pugna
963 273 1047 304 sunt,
1080 278 1133 298 nec
1158 278 1260 308 super·
1309 272 1313 284 ¹

197 309 296 338 suisset
315 310 483 348 quisquam,
509 310 537 339 ni
554 309 703 348 praecipiti
728 310 783 339 iani
800 310 834 339 ad
856 320 1007 350 vesperum
1025 310 1070 339 die
1089 320 1144 340 nox
1167 311 1258 340 inter-

198 351 334 380 venisset.

144 395 181 422 35

282 393 364 423 Haud
387 393 514 431 segniter
537 393 603 423 inde
625 393 713 423 duces
735 393 825 422 Poeni
853 394 968 423 fortuna
996 394 1040 423 usi
1068 394 1220 424 confestim
1245 404 1260 424 e

197 436 308 474 proelio
332 436 376 464 vix
399 435 560 465 necessaria
577 436 674 474 quiete
691 435 754 465 data
771 436 910 465 militibus
926 437 959 466 ad
976 436 1187 466 Hasdrubalem
1202 436 1260 466 Ha-

195 477 322 507 milcaris
337 478 454 507 citatum
477 486 580 516 agmen
604 478 721 517 rapiunt
740 487 799 507 non
816 478 901 508 dubia
918 488 983 518 spe,
1007 481 1034 508 εἰ
1047 489 1075 508 se
1091 479 1260 508 coniunxis-

164 525 180 549 2
195 524 269 555 sent⁷
286 520 422 549 debellari
439 528 534 558 posse.
566 530 623 559 quo
641 520 689 549 ubi
707 525 748 549 est
766 524 893 556 ventum,
911 521 986 550 inter
1000 521 1144 550 exercitus
1156 521 1259 550 duces-

196 571 252 600 que
268 562 385 591 victoria
397 562 507 591 recenti
519 562 610 591 laetos
623 562 775 600 gratulatio
789 562 892 600 ingens
907 562 978 592 sacta
995 563 1167 602 imperatore
1180 567 1260 593 tanto

196 613 262 632 curn
280 603 359 632 omni
376 604 502 632 exercitu
519 604 612 633 deleto
629 609 656 633 et
679 605 796 634 alteram
821 614 872 643 pro
895 605 970 634 haud
986 605 1070 635 dubia
1088 615 1186 644 parem
1202 605 1260 634 vic-

165 651 179 674 3
194 646 297 675 toriam
325 650 517 684 expectantes.
552 646 586 675 ad
607 646 754 676 Romanos
777 647 907 675 nondum
932 647 1048 686 quidem
1070 648 1143 677 fama
1165 652 1261 676 tantae

196 688 285 717 cladis
301 692 484 727 pervenerat,
507 688 556 717 sed
580 693 720 717 maestum
744 689 887 727 quoddam
904 689 1049 718 silentium
1072 696 1130 718 erat
1147 695 1174 719 et
1190 689 1260 719 taci-

195 735 222 759 ta
245 730 398 766 divinatio,
422 730 513 769 qualis
538 730 591 759 iam
618 731 867 769 praesagientibus
890 731 993 760 animis
1009 731 1179 761 inminentis
1194 731 1261 761 mali

165 777 179 800 4
195 782 258 801 esse
273 772 356 801 solet.
387 772 545 811 imperator
568 773 629 811 ipse
652 779 852 812 praeterquam
872 774 949 812 quod
969 773 1003 803 ab
1016 774 1102 803 sociis
1122 784 1151 803 se
1163 774 1261 803 deser-

195 820 267 850 tum,
284 814 412 843 hostium
429 819 541 843 tantum
558 819 656 844 auctas
671 815 770 854 copias
785 815 937 851 sentiebat,
953 815 1118 845 coniectura
1133 817 1216 845 etiam
1234 820 1262 844 et

196 857 309 886 ratione
330 857 364 886 ad
388 857 585 896 suspicionem
608 862 744 896 acceptae
768 857 856 887 cladis
879 867 965 896 quam
989 858 1023 887 ad
1047 858 1133 887 ullam
1154 858 1261 887 honam

165 904 180 927 5
195 908 277 938 spem
289 899 411 938 pronior
423 904 497 930 erat:
512 909 637 938 quonam
652 900 736 929 modo
751 900 827 929 enim
838 900 1045 929 Hasdrubalem
1056 910 1088 929 ac
1097 900 1260 939 Magonem,

196 942 251 970 nisi
268 942 420 970 defunctos
437 951 489 971 suo
505 941 598 977 bello,
624 942 687 970 sine
704 942 860 971 certamine
875 943 1018 971 adducere
1034 943 1191 972 exercitum
1208 951 1261 982 po·
1312 978 1313 981 Ἴ

232 1000 269 1024 13.
283 999 318 1022 ad
329 999 518 1030 erumpendum
533 1001 614 1023 inter.
624 1001 639 1029 .]
654 999 701 1023 den

194 1029 370 1057 ‘Durclibruch’
387 1040 416 1057 zu
433 1032 653 1064 bewerkstelligen
667 1043 700 1061 ..;

195 1074 225 1091 zu
246 1068 315 1090 inter
333 1066 383 1098 vgl.
400 1067 525 1096 24‚41‚9.
545 1080 575 1083 —
595 1067 701 1090 levium-

195 1108 245 1132 que
273 1108 407 1124 armorum
425 1119 430 1124 .
447 1119 454 1125 .
473 1100 589 1130 auoeilia]
617 1107 636 1124 s.
660 1101 700 1130 27,

198 1136 236 1165 18,
250 1135 276 1158 7:
297 1134 390 1157 levium
410 1141 545 1157 armorum
564 1134 699 1162 Bakare-93

194 1168 308 1199 haufiger
324 1171 381 1199 sagt
391 1167 443 1193 Liv.
459 1167 520 1191 levis
539 1170 699 1192 armaturae.

231 1203 268 1227 14.
282 1203 426 1233 praecipiti
434 1220 439 1225 .
449 1220 454 1225 .
464 1201 498 1225 ad
507 1209 642 1233 vesperum
652 1201 701 1231 dle]

194 1243 214 1260 S.
235 1237 259 1265 4,
278 1236 302 1265 9,
324 1236 365 1263 13;
394 1236 431 1265 10,
451 1236 490 1263 42,
512 1238 538 1263 1;
564 1235 614 1267 vgl.
634 1235 700 1259 Curt.

194 1270 269 1300 4,16‚
283 1270 324 1293 18:
344 1276 470 1300 praeceps
490 1270 516 1292 in
535 1272 635 1292 noctem
650 1269 704 1292 diei

195 1306 303 1333 tempus.

228 1335 274 1362 35.
297 1338 317 1361 1.
332 1335 468 1365 confestim
480 1344 492 1359 e
504 1336 616 1367 proelio]
630 1344 650 1360 s.
661 1337 701 1366 34,

198 1372 239 1399 13;
252 1371 342 1400 24,19‚
353 1371 381 1394 2:
393 1371 516 1401 protinus
524 1389 530 1394 .
540 1389 545 1394 .
555 1378 588 1393 ea?
598 1371 700 1393 itinere.

194 1418 226 1422 —
246 1403 416 1433 Hamilcaris]
435 1403 485 1435 vgl.
506 1404 547 1433 37,
562 1405 588 1431 ὃς
609 1405 648 1434 26,
662 1405 700 1434 17,

194 1440 223 1464 4:
243 1439 282 1468 28,
296 1438 335 1467 12,
347 1439 388 1462 13:
408 1437 561 1461 Hasdrubal
571 1437 700 1468 Gisgonis

193 1486 227 1490 —
255 1473 366 1495 citatum
391 1478 485 1501 agmen
510 1471 631 1503 rapiunt]
659 1471 702 1496 der

194 1504 380 1537 pleonastische
398 1504 530 1529 Ausdruck
556 1504 701 1529 bezeichnet

194 1538 235 1562 die
254 1537 338 1570 grosse
357 1538 421 1567 Eile3
447 1538 540 1563 ebenso
559 1539 598 1569 23,
618 1540 658 1567 36„
679 1540 702 1564 2.

229 1573 252 1597 2.
272 1572 354 1596 deleto
374 1575 398 1595 et
409 1591 415 1598 .
428 1591 434 1598 .
446 1573 623 1604 empeclam'es]
650 1572 701 1604 vgl.

194 1607 235 1637 45,
247 1608 270 1636 7,
282 1607 308 1630 5:
319 1607 397 1629 iussis
410 1625 415 1629 .
426 1625 431 1631 .
442 1614 664 1637 progressusun
681 1614 700 1631 s.

195 1647 225 1664 zu
237 1640 700 1671 5,18,5;22,19‚11;42,13‚12.3S‚

195 1674 221 1702 2;
241 1675 282 1702 43,
294 1674 370 1704 21,5;
389 1673 450 1698 Sall.
460 1672 517 1705 Jug.
531 1675 572 1703 98,
586 1675 606 1699 l.
634 1673 701 1698 Statt

195 1710 355 1738 imperatore
366 1726 371 1731 .
383 1727 387 1731 .
400 1707 482 1731 delelo
496 1707 551 1731 dem
565 1707 699 1739 folgenden

194 1740 304 1773 Partieip
324 1740 530 1771 unterzuordnen,
552 1741 585 1765 ist
603 1749 629 1765 es
648 1741 699 1765 ihm

195 1774 272 1798 durch
287 1778 311 1798 el
325 1774 500 1806 beigeordnet:
520 1775 575 1799 eine
590 1775 700 1807 weniger

196 1815 293 1839 genaue
314 1808 487 1840 Verbindung,
507 1808 546 1833 die
566 1808 624 1833 aber
642 1809 700 1833 sehr

196 1841 263 1866 wohl
277 1844 338 1866 statt
348 1842 429 1866 haben
439 1841 542 1873 konnte,
555 1842 584 1866 da
599 1845 623 1866 et
635 1842 699 1867 auch

196 1875 236 1899 die
246 1876 322 1908 Folge
336 1875 486 1900 bezeichnen
506 1875 583 1906 kann;
603 1876 656 1901 also
666 1889 699 1898 =

753 996 791 1023 ‘da
806 1000 858 1025 sie.
871 1019 876 1023 .
888 1000 1027 1024 vernichtet
1042 1000 1128 1024 hatten
1147 1007 1183 1024 un
1193 999 1208 1024 d
1227 1007 1260 1024 so

754 1052 760 1058 .
773 1053 778 1058 .
790 1033 871 1058 sicher
884 1031 1050 1058 erwarteten’.
1075 1033 1110 1058 Zu
1122 1041 1172 1065 pro
1188 1033 1261 1057 haud

755 1067 833 1091 dubia
853 1067 903 1099 vgl.
926 1069 964 1098 10,
985 1069 1006 1092 1.

787 1102 810 1125 3.
830 1100 946 1124 nondum
966 1100 1079 1132 quidem]
1099 1108 1118 1125 s.
1138 1101 1178 1130 36,
1192 1102 1260 1126 2.-
1275 1089 1280 1094 ⁸

752 1137 879 1158 maestum
894 1136 927 1164 ..]
951 1142 971 1159 s.
991 1134 1053 1158 Einl.
1076 1136 1113 1159 19.
1136 1148 1169 1151 —
1194 1134 1259 1158 divi-

753 1169 836 1198 natio]
856 1176 875 1192 S.
888 1169 927 1196 26,
939 1169 979 1199 20,
990 1170 1016 1192 5:
1037 1168 1167 1192 divinatio
1180 1176 1258 1200 quae-

756 1202 815 1225 dam
829 1201 927 1230 futur&
946 1202 1000 1226 eine
1012 1201 1088 1226 durch
1100 1201 1193 1226 hohere
1203 1201 1259 1226 Ein-

754 1235 871 1267 wirkung
891 1238 988 1267 erregte
1004 1235 1121 1267 Ahnung,
1141 1235 1259 1260 wahrend

751 1271 909 1301 praesagire
934 1269 978 1294 das
1002 1276 1047 1294 aus
1066 1269 1122 1293 dem
1144 1269 1258 1294 mensch·

753 1303 835 1327 lichen
854 1302 937 1327 Geiste
962 1302 1040 1328 selbst
1064 1302 1259 1335 entspringende

754 1336 891 1368 Vorgesiihl
916 1337 1071 1361 bezeiclinet.
1094 1351 1126 1354 —
1148 1344 1258 1368 praesa-

751 1371 885 1401 gientibus
912 1371 1018 1402 animis]
1055 1370 1087 1394 ist
1113 1369 1168 1394 Abi.
1196 1370 1258 1401 abs„

753 1404 803 1428 und
823 1412 852 1428 zu
878 1404 943 1428 mali
966 1404 999 1428 ist
1017 1403 1110 1428 wieder
1129 1404 1258 1428 divinatio

753 1446 784 1462 zu
803 1437 909 1462 denken.
947 1439 998 1462 iam
1018 1437 1142 1462 verstfirkt
1160 1437 1208 1462 den
1233 1438 1258 1461 in

751 1473 911 1503 praesagire
930 1471 1062 1504 liegenden
1081 1470 1177 1503 Begriff
1190 1469 1257 1496 ‘vor-

754 1502 813 1533 her’:
835 1506 884 1537 vgl.
905 1507 945 1536 30,
964 1507 1003 1536 20,
1022 1507 1045 1530 5.

788 1541 811 1564 4.
841 1542 943 1563 tantum
969 1538 1068 1571 auctas]
1097 1542 1198 1563 lantum
1226 1539 1258 1564 ist

754 1572 832 1601 Adv.;
844 1580 864 1597 s.
877 1581 907 1597 zu
918 1574 958 1604 34,
968 1575 1008 1603 41,
1019 1574 1042 1597 4.
1052 1587 1085 1590 —
1095 1574 1257 1603 coniectura]

753 1606 793 1630 die
817 1606 989 1638 Mutmassuug
1013 1614 1058 1630 aus
1082 1606 1258 1631 Wahrschein-

752 1639 993 1672 lichkeitsgriinden;
1011 1641 1128 1664 ratione:
1142 1636 1258 1665 ‘Berech-
1300 1644 1306 1651 ‘

753 1671 838 1706 uung’;
866 1676 1053 1706 suspicionem:
1081 1670 1254 1706 ‘Vermutung’

752 1715 801 1732 von
827 1710 906 1732 etwas
925 1707 1117 1739 Nachteiligenu
1148 1707 1197 1740 vgl.
1217 1709 1257 1738 32,

753 1743 793 1771 30,
805 1742 832 1769 9:
853 1749 882 1765 zu
902 1740 944 1766 der
960 1749 1056 1773 ganzen
1067 1740 1191 1766 Situation
1205 1741 1256 1774 vgl.

751 1776 791 1805 27,
811 1777 850 1805 47,
871 1777 893 1800 5.

786 1811 808 1833 5.
824 1808 970 1838 defunctos]
986 1806 1118 1833 ‘nachdem
1131 1809 1168 1833 sie
1178 1809 1256 1841 vollig

751 1841 869 1873 beendigt
883 1840 984 1871 hatten'3
1003 1843 1052 1874 vgl.
1067 1844 1088 1873 1,
1099 1844 1174 1873 25,9;
1194 1850 1254 1867 suo:

748 1873 806 1900 ‘den
826 1875 899 1900 ihnen
920 1875 1130 1908 angewiesenen'.

1133 71 1152 85 a.
1161 71 1180 85 u.
1190 71 1207 85 c.
1215 66 1259 85 542.
