1332 2150
601 83 767 109 PERIOCHA.
1159 82 1217 111 135

554 220 669 259 ΤΙΤΙ
692 220 812 260 LIVI

273 288 320 318 AB
344 288 443 318 URBE
468 286 632 318 conon-A
656 288 756 318 Llssm
779 288 867 318 xxv¹
891 287 1092 318 PERlocHA.

212 371 336 396 Hannibal
355 371 386 396 ad
411 372 511 396 tertium
535 371 646 403 lapidem
668 371 699 396 ab
718 372 779 396 urbe
798 372 876 396 Roma
901 379 977 404 super
995 372 1116 397 Anienem
1136 374 1218 397 castra

146 406 240 438 posuit.
267 406 322 438 ipse
341 413 398 430 cum
411 406 510 431 duobus
528 405 630 430 milibus
649 405 761 438 equitum
774 413 855 438 usque
873 405 904 430 ad
923 406 1003 438 ipsam
1014 406 1139 439 Capenam
1159 413 1216 439 por-

146 443 205 471 tam,
225 442 253 464 ut
265 440 341 464 situm
355 439 423 464 urbis
436 439 587 472 exploraret,
606 439 770 472 obequitavit.
804 443 830 464 et
843 447 899 464 cum
912 447 956 472 per
970 439 1079 464 triduum
1098 440 1122 464 in
1138 440 1217 465 aciem

145 474 271 506 utrimque
290 473 416 498 exercitus
435 474 516 498 omnis
529 473 711 504 descendisset,
730 477 856 498 certamen
875 476 1014 506 tempestas
1030 473 1140 502 diremit;
1160 481 1217 498 nam

145 515 201 533 cum
220 507 244 532 in
256 510 338 532 castra
352 507 467 536 redisset,
486 507 572 532 statim
590 507 712 533 serenitas
725 511 786 533 erat.
814 508 899 540 Capua
913 510 986 540 capta
1006 510 1045 532 est
1063 515 1076 532 a
1089 508 1117 536 Q.
1128 508 1216 533 Fulvio
1236 508 1250 532 5

143 545 168 566 et
186 543 234 574 Ap.
253 541 357 566 Claudio
382 542 538 566 consulibus.
573 541 700 574 principes
719 542 903 574 Campanorum
921 549 1019 566 veneno
1044 541 1091 566 sibi
1110 545 1217 566 mortem

143 576 329 600 consciverunt.
365 583 422 600 cum
450 578 552 601 senatus
577 575 761 614 Campanorum
786 576 911 608 deligatus
934 578 1002 600 esset
1026 575 1056 600 ad
1077 575 1164 608 p,alos
1190 578 1216 600 ut

145 609 225 634 securi
243 609 371 640 feriretur,
389 609 474 635 literas
492 617 505 634 a
525 612 615 634 senatu
634 610 723 635 missas
743 610 772 639 (l.
791 610 895 635 Fulvius
915 609 1018 638 consul,
1038 609 1129 648 quibus
1147 609 1216 634 iube-

143 643 217 668 batur
240 651 355 676 parcere,
380 646 515 676 antequam
540 643 651 675 legeret,
676 644 700 669 in
725 644 782 669 sinu
801 644 886 677 posuit
910 646 934 669 et
953 643 1010 675 lege
1034 644 1075 676 agi
1093 643 1167 668 iussit
1191 647 1217 668 et

143 677 295 710 supplicium
314 677 419 709 peregit.
456 685 512 702 cum
531 677 640 702 comitiis
660 677 726 710 apud
750 678 872 710 populum
892 680 1065 710 quaereretur,
1088 677 1128 702 cui
1147 678 1267 702 man-10

141 710 244 736 daretur
262 711 437 743 Hispaniarum
456 711 603 744 imperium,
627 712 697 736 nullo
715 712 740 737 id
760 712 862 737 volente
880 712 1008 744 suscipere
1027 710 1054 737 P.
1074 710 1167 744 Scipio,
1186 711 1215 737 P.

141 744 208 770 filius
227 745 289 776 eius,
309 745 352 778 qui
370 745 396 770 in
409 745 528 778 Hispania
547 745 680 776 ceciderat,
699 746 828 778 professus
847 749 887 771 est
897 753 925 771 se
943 746 1036 770 iturum
1051 747 1076 769 et
1093 744 1215 777 suffragio

141 778 229 811 populi
247 786 425 814 consensuque
436 779 547 804 omnium
567 779 658 804 missus
670 779 768 805 Novam
779 780 956 813 Carthaginem
976 779 1139 812 expugnavit,
1158 786 1215 803 cum

140 813 244 838 haberet
267 820 347 838 annos
372 819 441 838 xxmi
464 813 642 846 videreturque
667 813 752 839 divina
775 814 853 847 stirpe
876 816 990 845 creatus,
1020 813 1079 845 quia
1101 815 1126 838 et
1151 813 1215 851 ipse,

140 849 275 885 postquam
290 849 375 879 togam
389 850 529 879 acceperat
548 847 641 872 cotidie
659 848 683 872 in
698 848 822 880 Capitolio
836 850 897 879 erat,
916 851 941 873 et
960 848 984 872 in
999 847 1114 872 cubiculo
1127 846 1214 872 matris
1236 847 1266 872 15

140 880 193 906 eius
213 880 302 913 anguis
321 888 397 913 saepe
416 881 557 907 videbatur.
594 889 634 906 res
652 885 781 914 praeterea
805 885 891 914 gestas
910 882 935 906 in
954 881 1038 907 Sicilia
1058 881 1171 906 continet
1189 883 1214 906 et

140 915 275 940 amicitiam
295 922 351 940 cum
365 915 462 940 Aetolis
481 915 591 940 iunctam
609 915 755 949 bellumque
774 919 874 949 gestum
893 916 1014 941 adversus
1025 916 1170 940 Acarnanas
1190 917 1216 940 et

139 948 292 982 Philippum,
310 949 472 975 Macedoniae
490 957 584 982 regem.

140 1049 176 1074 Pl·
207 1016 392 1077 2ὶ5οιιρέηαηι]
406 1017 556 1042 vermutlich
566 1016 750 1043 Schreibl'eliler
762 1017 801 1042 sur
816 1016 959 1045 Collinam:
979 1025 1000 1042 s.
1014 1017 1066 1042 Liv.
1079 1018 1122 1048 26,
1134 1018 1172 1048 10,
1183 1017 1213 1045 3;

171 1058 204 1075 ιιι.
259 1069 265 1081 ,
284 1053 314 1075 7·
