1332 2150
212 66 271 95 136

540 68 633 93 LIBER
651 68 726 94 XXV.
762 69 831 94 CAP.
851 71 874 95 9.
896 71 933 95 10.

211 158 288 182 stere
305 152 393 187 iubet
410 157 442 182 ut
458 162 515 192 quo
531 162 578 182 res
593 153 735 192 postulet,
751 163 905 183 occurrere
920 154 1013 184 libero
1031 164 1132 194 campo
1149 156 1272 194 possint

168 200 195 224 13
211 200 239 225 et
250 194 437 224 Philemenus
448 195 582 234 portulae
594 200 675 234 parte
686 195 750 231 alia,
763 205 819 234 qua
832 205 993 226 commeare
1005 197 1147 233 adsuerat,
1164 198 1272 237 adpro-

210 236 380 276 pinquabat.
412 242 479 267 nota
496 247 548 267 vox
565 238 627 267 eius
643 242 671 267 et
686 237 847 268 familiare
841 247 896 267 iam
913 239 1028 276 signum
1041 248 1107 268 cum
1120 240 1271 270 excitasset

210 279 334 318 vigilem,
350 279 463 309 dicente
478 280 523 309 vix
539 280 675 309 sustineri
692 280 810 318 grandis
827 280 935 310 hestiae
948 290 1033 316 onus,
1050 281 1164 320 portula
1176 283 1271 321 aperi-

166 326 193 351 14
210 326 265 351 tur.
296 322 453 351 inferentes
469 331 571 360 aprum
595 322 667 351 duos
691 322 808 352 iuvenes
830 327 946 352 secutus
970 323 1031 362 ipse
1053 332 1119 352 cum
1139 324 1271 363 expedito

210 367 343 393 venatore
359 364 474 402 vigilem
491 364 635 393 incautius
646 364 785 394 miraculo
797 365 1003 403 magnitudinis
1014 365 1042 394 in
1056 374 1115 401 eOS,
1132 366 1181 404 qui
1197 366 1271 396 fere-

168 411 194 435 15
210 406 289 442 bant,
305 415 418 435 versum
435 406 577 435 venabulo
590 407 693 436 traicit.
717 407 841 445 ingressi
854 407 958 436 deinde
970 407 1087 445 triginta
1099 407 1158 437 fere
1170 408 1271 438 armati

209 452 320 478 ceteros
342 448 442 486 vigiles
468 448 643 478 obtruncant
664 449 886 487 refringuntque
908 454 1020 488 portam
1043 449 1221 488 proximam,
1244 455 1272 481 et

208 499 310 528 agmen
327 490 380 519 sub
398 490 488 528 signis
504 491 657 520 confestim
673 491 794 530 inrupit.
825 491 892 520 inde
913 501 978 520 cum
995 491 1112 521 silentio
1128 492 1158 521 in
1175 492 1270 522 forum

166 537 193 562 16
208 533 286 562 ducti
303 532 458 561 Hannibali
471 541 533 561 sese
545 533 770 562 coniunxerunt.
802 537 862 562 tum
875 533 931 562 duo
945 533 1022 562 milia
1035 533 1184 563 Gallorum
1196 534 1270 564 Poe-

209 584 264 604 nus
280 574 309 603 in
326 579 384 603 tres
400 574 487 603 divisa
504 575 593 613 partis
613 585 665 614 per
687 575 788 604 urbem
811 575 927 605 dimittit
943 576 1168 615 Tarentinosque
1190 577 1271 606 duces

206 616 328 655 singulis
340 617 472 655 partibus
484 617 562 646 addit
574 617 661 647 binos.
686 617 789 647 itinera
802 626 888 656 quam
902 627 1033 647 maxume
1046 618 1209 657 frequentia
1221 628 1270 648 oc-

165 664 191 690 17
208 659 307 698 cupari
322 658 411 694 iubet,
424 659 550 688 tumultu
563 663 626 688 orto
636 659 783 689 Romanos
796 660 902 698 passim
916 660 1005 693 caedi.
1017 660 1170 699 oppidanis
1182 661 1271 700 parci.

207 702 256 730 sed
270 705 302 730 ut
318 701 379 730 fieri
396 701 422 729 id
439 706 546 740 posset,
564 701 705 740 praecipit
720 701 872 731 iuvenibus
887 702 1062 738 Tarentinis,
1078 707 1110 731 ut
1122 702 1172 732 ubi
1185 712 1271 741 quem

206 752 325 772 suorum
346 743 448 782 procul
462 743 620 779 vidissent,
637 744 786 782 quiescere
801 753 834 773 ac
850 743 934 773 silere
949 753 982 773 ac
998 744 1076 773 bono
1093 745 1190 774 animo
1208 754 1270 774 esse

154 788 189 815 10
207 785 349 815 iuberent.
377 785 432 814 iam
450 785 592 815 tumultus
605 790 664 815 erat
675 785 851 824 clamorque,
869 786 962 824 qualis
975 795 1037 815 esse
1054 786 1083 815 in
1100 791 1181 825 capta
1197 787 1270 816 urbe

176 834 190 857 2
206 827 296 863 solet,
319 828 368 856 sed
393 827 461 866 quid
484 827 524 856 rei
541 832 633 863 esset,
651 837 736 857 nemo
753 828 821 857 satis
837 837 890 866 pro
907 832 987 857 certo
1004 828 1087 858 scire.
1119 829 1270 858 Tarentini

206 869 352 899 Romanos
368 869 402 899 ad
415 869 606 908 diripiendam
620 870 721 899 urbem
735 870 853 899 credere
866 875 998 907 coortos;
1015 870 1154 900 Romanis
1165 871 1268 901 seditio

205 942 414 976 ἀναφέρουσαν,
442 950 494 968 was
518 943 543 968 L.
569 946 619 968 erst
643 945 658 975 ξ
680 946 708 969 15

204 977 331 1002 andeutet.
350 992 382 995 —
400 977 539 1001 subsistere
558 978 636 1008 iubet]
656 978 710 1002 Pol.

203 1013 244 1042 31,
263 1012 290 1036 2:
310 1010 388 1038 τοὺς.
400 1008 504 1037 ,ἱππεῖς
523 1008 652 1035 ἀπέλιπον
670 1010 709 1036 ἔκ-

202 1044 248 1072 τὸς
282 1045 329 1068 τοῦ
360 1046 470 1076 τείχους.
500 1059 533 1063 —
561 1047 708 1075 occurrere]

202 1078 340 1103 deutlicher
372 1078 426 1103 Pol
458 1079 498 1108 31,
526 1080 554 1103 2;
587 1077 711 1105 θέλοντες

201 1111 346 1151 ἐφεδρείαν
363 1110 454 1138 αὑτοῖς
470 1109 600 1151 ὑπαρχειν
610 1111 710 1142 ταύτην

201 1144 269 1184 πρός
296 1154 323 1170 τε
349 1144 396 1172 τὰς
422 1143 523 1173 ἔξωθεν
549 1144 711 1185 ἐπιφανείας

201 1178 245 1203 καὶ
260 1178 329 1219 πρὸς
344 1178 376 1203 τὰ
391 1178 533 1211 παράλογα
548 1179 604 1203 τῶν
614 1178 642 1203 ἐν
652 1180 710 1206 ταῖς

204 1212 341 1239 τοιαύταις
351 1211 486 1250 ἐπιβολαῖς
494 1211 710 1245 συμβαινόντων

238 1249 277 1272 13.
295 1250 372 1278 par-le
391 1247 455 1276 alia]
474 1243 527 1270 ‘auf
542 1247 586 1271 der
602 1246 710 1271 anderen

202 1278 286 1310 Seite}
306 1288 326 1306 s.
337 1281 390 1312 §9-
410 1280 458 1304 den
472 1279 555 1304 Grund
574 1280 643 1319 giebt
656 1280 709 1305 Pol.

201 1316 242 1345 31,
261 1316 275 1339 4
295 1322 337 1338 an:
357 1312 537 1353 βουλόμενοι.
550 1312 602 1346 ,μὴ
623 1313 710 1345 ψιλῶς

201 1347 228 1372 ἐκ
251 1349 315 1387 μιᾶς
340 1346 445 1374 ἐλπίδος
463 1346 633 1387 ,ἐξηρτῆσθαι
661 1346 710 1377 τὴν

201 1380 327 1414 ἐπιβολὴν
343 1379 442 1409 αὐτῶν,
456 1378 514 1405 ἀλλ’
527 1379 554 1405 ὲκ
569 1380 708 1406 πλειόνων.

200 1430 233 1434 —-
253 1416 363 1445 dicente]
389 1415 463 1440 niiml.
482 1423 524 1443 eo;
549 1415 602 1440 Pol.
622 1416 662 1444 31,
682 1417 708 1441 6:

202 1450 249 1479 τοῦ
269 1447 295 1473 δ’
317 1447 440 1475 εἰπόντος
464 1446 564 1476 ἔξωθεν
589 1446 710 1480 ᾷνοίγειν

201 1482 312 1515 ταχέως,
325 1481 367 1506 ὅτι
375 1480 541 1514 βαρύνονται
550 1501 555 1507 .
563 1500 568 1505 .
586 1482 651 1507 Uber
661 1482 709 1507 den

200 1517 256 1541 Abl.
280 1516 345 1540 ohne
370 1524 398 1540 eo
425 1523 443 1540 s.
463 1518 504 1547 41,
523 1517 551 1545 2;
577 1518 600 1546 4,
621 1518 660 1545 60,
683 1518 708 1544 1;

201 1552 241 1580 32,
261 1551 284 1580 2,
303 1551 329 1579 2;
349 1550 417 1574 Caes.
438 1549 487 1574 BG.
506 1551 529 1579 4,
551 1551 590 1580 12,
609 1551 637 1578 2;
659 1549 707 1575 BC.

203 1586 212 1609 1
244 1585 284 1614 30,
304 1585 326 1608 3.

219 1603 275 1642 ’14.
301 1617 430 1641 miraculo
453 1617 656 1647 magnitudinis]
675 1630 708 1640 =

200 1653 269 1676 mira
282 1651 475 1682 magnitudine,
494 1650 569 1674 niiml.
583 1652 651 1680 εἰη-η
671 1659 707 1675 er-

200 1686 266 1710 klart
286 1686 425 1709 incautius.
445 1699 477 1702 -—
497 1684 634 1714 venabulo]
654 1684 707 1709 Pol.

202 1721 242 1749 31,
262 1720 289 1744 8:
309 1716 476 1746 πατάξαντες
494 1715 659 1742 ἀπέκτειναν.

238 1754 275 1778 15.
302 1752 405 1784 agmen]
426 1752 478 1776 Pol.
498 1753 539 1781 31,
558 1753 586 1776 4:
608 1751 709 1791 Λίβυας

202 1784 237 1813 ὡς
255 1785 278 1811 εἷ
292 1785 403 1826 χιλίους.
417 1786 508 1809 —sub
521 1787 614 1816 signis]
628 1783 709 1810 ‘unter

201 1819 249 1844 den
268 1817 386 1850 Fahnen‘,
405 1819 490 1844 diesen
504 1818 614 1850 solgend,
633 1820 658 1844 in
671 1827 709 1844 re—

202 1854 373 1886 gelmal'sigem
387 1852 464 1885 Zuge.
476 1866 508 1870 ——
522 1860 580 1877 cum
592 1853 707 1884 silentio]

202 1887 249 1912 wie
257 1889 343 1919 7,35,1
354 1887 441 1919 3vgl.§
452 1888 478 1912 11
490 1886 617 1917 :silentio,
626 1887 674 1912 wie
682 1894 709 1911 es

763 944 921 976 gewohnlich
942 944 1031 977 heisst3
1051 953 1070 970 s.
1082 946 1105 974 3.
1118 946 1198 976 72‚1;
1216 945 1267 977 vgl.

762 979 802 1008 23,
814 979 850 1003 16.
864 978 952 1002 Beides
964 978 1033 1010 giebt
1043 978 1091 1003 den
1099 978 1219 1003 Umstand
1229 986 1269 1004 an.

800 1013 837 1037 16.
857 1011 1010 1042 dimittit..]
1030 1011 1060 1036 da
1079 1012 1131 1036 sich
1152 1012 1189 1036 bis
1203 1012 1269 1042 jetzt

763 1052 809 1069 nur
835 1044 875 1069 die
900 1044 1111 1070 Verschworenen
1134 1046 1165 1075 (s.
1190 1047 1214 1076 8,
1236 1047 1269 1077 3),

763 1078 831 1102 nieht
857 1078 897 1103 die
927 1078 1031 1110 fibrigen
1059 1078 1206 1104 Tarentiner
1232 1079 1282 1104 stir-
1320 1074 1322 1078 ’

762 1111 883 1136 Hannibal
903 1111 994 1136 erklart
1013 1112 1101 1141 haben,
1121 1120 1148 1137 so
1168 1120 1270 1138 mussen

762 1145 845 1185 einige
856 1145 942 1170 Worte
953 1145 1049 1174 semem
1062 1131 1179 1178 vgi.P01
1191 1148 1268 1177 32,1:

762 1176 930 1211 ἆττομερῖσας
957 1178 985 1203 δὲ
1014 1180 1069 1203 τῶν
1093 1179 1204 1219 Κελτῶν
1233 1179 1270 1207 εἷς

761 1211 908 1245 δισχιλίους
917 1221 961 1236 και
972 1211 1066 1237 διελών
1077 1211 1113 1240 εἷς
1126 1212 1196 1253 τρία
1200 1213 1268 1247 μέρη

761 1246 881 1285 τούτους
895 1246 1040 1276 συνέστησε
1054 1248 1109 1270 τῶν
1121 1246 1270 1272 νεανίσκων

762 1278 809 1304 δύο
829 1278 896 1312 πρὸς
914 1277 1029 1304 ἕκαστον
1046 1279 1129 1313 μέρος
1144 1281 1200 1305 τῶν
1213 1289 1269 1314 χει-

762 1311 893 1345 ριζόντων
913 1313 961 1343 τὴν
973 1314 1087 1354 πρᾶξιν.
1099 1315 1270 1354 ,προσταξας

762 1347 898 1379 διαλαβεῖν
916 1348 972 1371 τῶν
990 1346 1027 1374 εἰς
1045 1347 1094 1378 τὴν
1107 1345 1209 1388 ἀγορὰν
1222 1357 1270 1381 φε-

762 1382 870 1414 ρουσιῦν
895 1379 967 1405 ὁδῶν
994 1380 1041 1408 τὰς
1065 1379 1266 1415 εὐκαιροτάτας.

761 1429 794 1433 ——
804 1423 883 1447 quam
893 1423 1033 1441 maxume
1044 1417 1059 1445 ]
1076 1416 1108 1440 ist
1118 1415 1269 1448 Steigerung

761 1456 810 1473 von
824 1448 988 1480 Γνοᾳιιεηίιας
1007 1457 1027 1473 s.
1041 1451 1078 1477 10,
1089 1450 1128 1479 28,
1140 1450 1166 1474 2:
1180 1452 1269 1474 emra-

762 1483 923 1514 bebatur-que
934 1484 961 1506 in
972 1490 1049 1514 quam
1059 1485 1175 1507 maxime
1181 1491 1269 1508 serum

762 1516 816 1540 diei
833 1519 972 1541 certamen.

793 1549 836 1576 10.
858 1552 878 1575 1.
899 1550 1075 1581 erat..scire]
1095 1550 1147 1582 vgl.
1167 1551 1206 1579 22,
1226 1551 1266 1582 30,

761 1585 783 1608 S.
809 1598 841 1602 —
866 1583 951 1615 qualis
977 1591 1029 1607 esse
1047 1601 1054 1608 .
1073 1602 1079 1607 .
1098 1584 1172 1614 solet]
1197 1591 1217 1609 s.
1236 1592 1267 1609 zu

761 1619 801 1648 31,
819 1618 843 1642 9.
863 1631 895 1635 -
912 1624 961 1648 pro
981 1620 1051 1641 certo
1070 1617 1149 1650 scire]
1173 1618 1224 1650 vgl.
1243 1619 1268 1649 4,

760 1652 784 1681 2,
803 1652 829 1679 9;
849 1652 990 1681 27,1,13.

794 1686 816 1709 2.
836 1684 984 1709 Romanos.
996 1684 1084 1714 ..]P01
1104 1686 1144 1715 32,
1158 1686 1201 1709 10:
1221 1685 1267 1714 τῆς

760 1715 789 1742 δ’
825 1716 954 1757 ἡμέρας
988 1716 1268 1761 ἐπιφαἫινομὲνης

762 1749 789 1776 οἱ
813 1750 864 1784 μὲν
888 1753 1050 1783 Ταραντῖνοι
1078 1751 1127 1781 τὴν
1154 1751 1267 1791 ἡσυχίαν

761 1781 851 1824 εἶχον.
861 1804 881 1817 .,
900 1783 961 1811 διὰ
975 1784 1043 1817 ,γὰρ
1066 1784 1113 1815 τὴν
1130 1784 1266 1818 σάλπιγγα

760 1817 804 1843 καὶ
822 1827 852 1842 το
860 1818 961 1858 μηδὲν
980 1817 1098 1851 ἀδίκημα
1121 1819 1267 1858 γίγνεσθαι

760 1850 826 1884 μηδ)
853 1850 979 1893 ἁρπαγὴν
1007 1852 1076 1877 κατὰ
1103 1851 1152 1883 τὴν
1179 1852 1265 1882 πόλιν,

761 1885 857 1914 ἔδοξαν
881 1884 907 1914 ἐξ
936 1885 1025 1911 αὐτῶν
1052 1886 1108 1910 τῶν
1127 1885 1266 1920 Ῥωμαίων

1139 85 1158 98 a.
1170 84 1190 98 u.
1199 84 1217 99 c.
1227 78 1271 99 542.
1310 84 1314 146 ἱ
