1332 2150
208 87 247 117 68
555 88 646 113 LIBER
664 87 761 114 XXIIII.
797 88 866 113 GAP.
885 89 925 114 29.

1143 102 1163 116 a.
1174 102 1193 116 u.
1203 102 1220 116 e.
1229 97 1272 116 540.

207 175 242 204 ab
259 174 353 213 Appio
379 174 556 212 praesidium
572 180 664 210 esset,
688 173 824 203 omnibus
841 174 932 213 copiis
950 174 1088 213 impetum
1105 174 1134 203 in
1152 174 1272 212 opposi-

179 222 193 246 5
208 222 264 247 tam
282 216 436 246 stationem
453 225 519 246 cum
536 217 621 246 caede
637 216 796 245 multorum
811 216 888 245 fecit.
920 226 992 255 quae
1006 225 1073 246 cum
1087 220 1183 245 essent
1196 225 1273 246 nun-

209 260 275 288 tiata
292 259 438 292 Marcello.
454 258 563 297 legatos
580 258 725 297 extemplo
743 258 900 296 Syracusas
915 259 1004 295 misit,
1027 258 1077 296 qui
1093 258 1172 297 pacis
1187 258 1273 287 fidem

209 306 324 340 ruptam
341 310 404 330 esse
421 301 551 330 dicerent
568 310 622 329 nec
638 301 706 330 belli
723 301 885 330 defuturam
902 310 1040 339 umquam
1057 309 1171 330 causam
1183 323 1190 336 ,
1217 300 1273 330 nisi

210 343 402 382 Hippocrates
426 347 512 381 atque
533 343 676 381 Epicydes
700 352 760 372 non
784 342 818 372 ab
843 343 993 381 Syracusis
1017 343 1118 377 modo,
1142 342 1192 371 sed
1215 346 1274 371 tota

179 390 194 414 6
209 386 312 424 procul
329 385 426 415 Sicilia
443 385 657 423 ablegarentur.
690 385 834 423 Epicydes
857 395 893 414 ne
916 390 965 415 aut
987 394 1055 415 reus
1079 385 1208 414 criminis
1223 384 1274 413 ab·

209 428 300 458 sentis
313 428 411 457 fratris
425 437 564 466 praesens
577 432 654 456 esset
669 432 718 456 aut
734 427 846 457 deesset
862 436 915 466 pro
931 432 1013 466 parte
1030 436 1081 456 sua
1098 426 1271 456 concitando

209 470 296 506 bell0,
313 470 463 508 profectus
481 473 507 499 et
524 470 586 508 ipse
603 470 632 498 in
649 469 819 505 Leontinos,
837 469 904 508 quia
921 470 989 498 satis
1005 479 1054 498 eos
1070 469 1208 498 adversus
1221 478 1275 507 po-

210 512 312 551 pulum
329 512 493 541 Romanum
510 511 671 541 concitatos
688 511 834 548 cernebat,
854 515 982 541 avertere
999 512 1083 541 etiam
1101 511 1135 540 ab
1151 511 1275 549 Syracu-

180 559 193 582 7
210 555 288 584 sanis
305 554 416 592 coepit:
434 563 500 583 nam
517 553 554 583 ita
571 563 620 583 eos
638 563 739 592 pacem
755 553 903 592 pepigisse
916 563 981 583 cum
994 553 1143 589 Romanis,
1163 557 1195 582 ut
1211 553 1276 591 qui-

212 605 338 634 cumque
354 596 456 635 populi
473 595 526 625 sub
543 596 661 634 regibus
684 596 824 631 fuissent,
847 606 916 626 suae
939 595 1062 625 dicionis
1086 599 1200 631 essent,
1223 604 1278 624 nec

212 638 267 667 iam
278 638 410 668 libertate
422 647 472 667 eos
485 642 639 668 contentos
652 647 724 674 esse,
739 638 795 667 nisi
804 638 888 667 etiam
902 643 1067 676 regnentac
1080 637 1277 667 dominentur.

181 686 195 709 S
212 681 440 710 renuntiandum
457 681 546 718 igitur
563 681 604 710 eis
620 690 683 710 esse
700 680 861 709 Leontinos
877 690 995 719 quoque
1017 689 1140 718 aequom
1157 688 1278 709 censere

210 733 238 752 se
253 723 361 752 liberos
377 732 450 758 esse,
467 723 509 752 vel
527 722 604 761 quod
618 723 647 751 in
661 723 722 752 solo
736 722 817 752 urbis
830 732 899 752 suae
915 727 1056 761 tyrannus
1073 721 1218 756 ceciderit,
1235 721 1279 751 vel

213 765 347 803 quodibi
372 765 498 803 primum
523 765 734 794 conclamatum
755 764 789 793 ad
813 765 973 794 libertatem
998 764 1166 802 relictisque
1189 763 1277 801 regiis

182 812 196 835 9
212 807 335 836 (lucibus
351 807 511 844 Syracusas
535 816 713 836 concursum
729 809 774 836 sit.
806 806 903 844 itaque
925 811 975 836 aut
997 806 1180 836 eximendum
1197 805 1225 834 id
1242 806 1278 834 de

169 854 196 878 10
212 849 328 878 foedere
353 859 431 884 esse,
454 853 503 878 aut
519 849 610 886 legem
639 858 700 878 eam
724 849 850 878 foederis
875 858 933 877 non
960 848 1166 887 accipiendam.
1197 847 1280 877 sacile

211 891 392 921 multitudini
416 900 604 930 persuasum;
627 891 787 929 legatisque
811 891 1061 929 Syracusanorum
1085 894 1114 919 et
1135 889 1169 919 de
1193 889 1281 919 caede

212 968 236 991 9.
253 980 285 984 —
302 966 475 997 praesidium]
495 965 535 990 die
553 973 609 990 zum
629 965 721 990 Schutz

213 999 512 1032 geschicktenTruppen;
522 1001 673 1023 stationem:
682 999 721 1023 die

213 1034 324 1058 einzelne
343 1033 489 1065 Abteilung,
508 1033 548 1057 die
567 1033 611 1057 aus
628 1033 721 1057 Posten

213 1067 288 1092 steht.

248 1103 271 1125 5.
284 1102 358 1133 pacis
368 1101 455 1131 sidem]
470 1096 722 1131 der‘zugesicherte’,

214 1142 264 1159 von
291 1134 405 1167 Syrakus
437 1135 528 1159 bereits
561 1131 722 1165 ‘garantierte

214 1166 316 1197 Friede'3
342 1169 393 1200 vgl.
414 1169 436 1198 3,
458 1169 495 1198 18,
514 1169 542 1196 3;
563 1169 603 1195 27.
623 1169 663 1197 30,
686 1168 721 1191 12.

215 1216 247 1220 —
260 1202 306 1226 sed
324 1205 378 1226 tola
391 1221 396 1226 .
409 1203 424 1232 .]
445 1202 511 1226 ohne
526 1201 723 1232 Wiederholung

215 1236 259 1260 der
277 1236 362 1267 Pr‘ap.;
383 1243 403 1261 s.
423 1236 463 1266 34,
483 1237 506 1266 4,
528 1237 553 1265 1;
574 1237 613 1264 37,
633 1236 657 1265 ’7,
680 1236 720 1259 16;

215 1278 269 1294 non
291 1278 341 1301 per·
359 1269 542 1293 Macedoniam
560 1269 652 1298 modo,
679 1268 724 1292 sed

215 1305 294 1327 eliam
321 1302 461 1327 Thraciam
485 1311 508 1327 u.
528 1310 548 1326 3.
569 1317 601 1321 —
619 1302 724 1333 procul]

215 1337 278 1361 wird
304 1337 367 1361 auch
393 1337 437 1361 mit
458 1336 555 1360 Verben
575 1336 617 1360 der
636 1335 724 1360 Bewe-

215 1378 284 1403 gung
303 1370 461 1401 verbunden;
483 1378 502 1394 s.
523 1372 563 1401 38,
579 1371 617 1400 13,
630 1372 656 1395 5:
676 1371 724 1393 mi-

214 1407 322 1435 gratum
334 1404 394 1428 inde
405 1404 478 1428 haud
489 1404 584 1436 procul
596 1404 724 1427 veteribus

218 1438 343 1462 Celaenis.

251 1474 273 1497 6.
294 1472 422 1501 criminis]
434 1470 511 1494 damit
524 1478 550 1495 er
563 1470 632 1495 nicht
650 1471 674 1494 in
685 1470 725 1494 die

217 1503 725 1537 gegenHippokrateserliobeneAnklage

217 1538 366 1564 verwickelt
384 1537 485 1568 winde,
504 1545 578 1562 wenn
598 1545 624 1562 er
642 1545 725 1562 anwe-

217 1572 278 1597 seud
298 1574 364 1597 ware
383 1574 516 1604 (praesens
529 1584 562 1593 ε
574 1573 597 1595 si
612 1572 724 1602 adesset,

218 1614 237 1631 s.
258 1608 280 1637 2,
299 1607 340 1637 27,
359 1608 392 1636 7),
418 1605 449 1629 da
468 1612 525 1629 man
549 1605 589 1630 die
608 1605 725 1629 Uberein—

218 1640 355 1671 stimmung
369 1639 454 1664 heider
472 1639 611 1663 annehmen
626 1638 726 1667 wiirde3

219 1673 271 1706 vgl.
282 1675 322 1703 22,
334 1675 374 1703 49,
387 1675 431 1701 11;
451 1675 549 1696 crimen
563 1673 628 1703 (eine
646 1672 727 1697 blosse

218 1707 438 1738 Anscliuldigung)
456 1707 488 1731 ist
504 1714 530 1731 es
546 1706 570 1730 in
584 1706 640 1730 dem
651 1706 727 1730 Sinne

217 1741 262 1766 des
279 1740 407 1773 Epikydes
426 1742 545 1772 genanut,
562 1740 606 1764 der
624 1740 668 1764 das
682 1740 728 1764 Ge-

218 1774 343 1799 schehene
363 1774 433 1799 nicht
452 1773 488 1798 als
507 1773 666 1798 Verbreclien
686 1774 727 1798 be-

219 1808 341 1836 trachtet3
361 1816 381 1833 s.
401 1809 423 1839 6,
440 1809 512 1837 16,1.
530 1821 564 1825 —
581 1816 631 1839 pro
651 1810 728 1839 par-te

219 1841 276 1874 sua]
296 1842 344 1866 wie
362 1843 402 1873 23,
416 1843 457 1872 33,
475 1843 517 1870 1ος
537 1841 588 1873 vgl.
603 1849 634 1865 zu
653 1843 726 1871 3‚71‚

220 1877 243 1900 S.
263 1890 295 1893 —
314 1877 341 1900 in
360 1874 514 1907 Leontinos]
533 1882 553 1900 s.
572 1883 603 1899 zu
623 1877 645 1904 7,
667 1877 686 1899 l.

255 1911 278 1933 ἵ.
289 1917 348 1933 nam
360 1929 366 1935 .
379 1908 396 1942 .]
414 1909 445 1934 ist
455 1908 523 1934 niclit
533 1908 576 1933 der
587 1908 671 1933 Grund
683 1908 727 1933 des

774 968 891 989 aver-lere
899 967 991 996 coepit,
998 964 1105 989 sondern
1112 964 1150 988 sur
1156 964 1195 989 die
1202 964 1280 988 Leon-

773 999 837 1023 tiner
849 999 893 1022 der
903 998 996 1028 Grund,
1015 1005 1109 1022 warum
1123 997 1159 1022 sie
1173 997 1280 1022 absallen

773 1031 890 1057 miissten.
905 1046 937 1049 —
951 1033 1001 1062 eos]
1021 1031 1096 1056 niiml.
1115 1031 1155 1055 die
1171 1031 1281 1063 Syraku<

774 1073 853 1090 saner.
873 1080 904 1083 —
922 1066 968 1089 suh
994 1066 1110 1096 regibus]
1137 1065 1210 1089 nami.
1233 1064 1281 1089 den

774 1099 1014 1132 syrakusanisclien:
1034 1098 1178 1130 Dionysius,
1198 1098 1294 1129 Hieros

774 1134 948 1165 Hieronymus.
975 1147 1007 1150 —
1034 1134 1105 1162 suae]
1136 1132 1210 1156 naml.
1238 1132 1282 1157 des

775 1166 1002 1199 syrakusanischen
1021 1166 1185 1194 F1·eis1aates;
1213 1173 1232 1190 s.
1251 1173 1281 1190 zu

776 1202 797 1230 1,
814 1202 834 1225 1.
846 1203 1002 1231 —regnmzl
1014 1219 1019 1224 .
1032 1201 1047 1229 .]
1068 1200 1115 1224 wie
1133 1200 1223 1224 vorlier
1242 1199 1282 1224 die

775 1234 878 1266 Kbuige.

809 1269 832 1292 8.
852 1275 961 1299 aequom
973 1275 1076 1291 censere
1086 1286 1091 1291 .
1101 1268 1118 1297 .]
1129 1274 1150 1292 s.
1162 1269 1185 1297 6,
1196 1268 1224 1295 S;
1240 1268 1281 1297 21,

778 1303 815 1332 19,
835 1304 860 1326 5:
886 1309 977 1325 aecum
1004 1303 1138 1325 censerent
1155 1320 1160 1325 .
1174 1320 1179 1325 .
1196 1308 1283 1332 quem-

776 1343 854 1367 quam
873 1336 958 1366 recipi
977 1342 998 1359 u.
1017 1342 1038 1358 a.
1057 1349 1089 1352 —
1108 1334 1232 1366 pm'mum]
1252 1334 1284 1358 ist

776 1369 814 1393 fiir
832 1368 960 1401 Epikydes
985 1369 1030 1393 das
1049 1367 1205 1399 wichtigste;
1232 1370 1283 1392 erst

776 1402 885 1427 nachlier
895 1402 975 1427 haben
993 1402 1046 1427 sich
1060 1402 1099 1426 die
1112 1401 1284 1433 Syrakusaner

775 1436 981 1468 angesclilossen.
1002 1450 1034 1453 ——
1053 1435 1200 1467 Syracusas
1224 1443 1284 1459 con-

777 1472 891 1500 cursum]
911 1477 937 1494 es
950 1469 1005 1494 sind
1018 1469 1057 1494 die
1076 1469 1100 1493 in
1114 1469 1228 1493 Leontini
1241 1476 1285 1493 zur

777 1504 830 1528 Zeit
843 1503 886 1528 der
896 1503 1051 1534 Ermordung
1063 1502 1107 1527 des
1118 1502 1284 1534 Hieronymus

777 1537 945 1562 anwesenden
965 1536 1193 1569 syrakusanisehen
1205 1535 1285 1568 Trup-

778 1578 826 1603 pen
846 1571 963 1602 gemeint,
986 1570 1082 1594 welche
1101 1570 1154 1594 sicli
1173 1569 1218 1594 mit
1236 1569 1284 1594 den

778 1605 902 1629 Berreiern
914 1603 1063 1633 verbinden;
1083 1611 1102 1628 s.
1114 1606 1137 1633 7,
1148 1605 1170 1627 7.
1190 1605 1230 1634 21,
1241 1604 1255 1628 3
1266 1603 1281 1628 f.

813 1640 835 1663 9.
855 1638 1032 1669 enimc-mlum]
1053 1645 1101 1662 von
1116 1637 1163 1661 den
1175 1636 1285 1669 Syraku-

779 1679 867 1697 sauern
880 1671 929 1696 und
938 1671 1055 1700 Romerm
1067 1671 1126 1695 oder
1137 1678 1209 1695 wenn
1218 1670 1285 1695 diese

780 1706 824 1730 aus
845 1705 900 1730 dem
920 1704 1016 1729 Artikel
1040 1704 1178 1729 bestiiiiden
1197 1704 1235 1735 (id
1253 1716 1286 1726 =

779 1739 823 1764 der
833 1739 848 1770 ξ
859 1741 871 1763 7
883 1738 1011 1763 erwahnte
1022 1739 1123 1768 Punkt),
1136 1746 1164 1763 so
1175 1737 1285 1762 miissten

779 1773 818 1797 die
831 1772 963 1797 Leontiner
976 1772 1020 1797 das
1036 1772 1156 1802 Biindnis,
1176 1771 1285 1796 welches

778 1806 846 1831 diese
857 1806 1030 1838 Bestimmung
1048 1806 1141 1837 (legem
1155 1806 1187 1830 ist
1197 1806 1285 1837 gesagt

779 1840 826 1864 wie
845 1840 868 1864 in
886 1848 941 1869 pasl·
961 1840 1024 1864 dala
1043 1840 1083 1863 his
1103 1840 1213 1870 legibus)
1232 1842 1285 1863 ent-

779 1873 867 1903 hieme,
886 1871 1035 1902 ‘ablehnen’3
1065 1881 1083 1898 s.
1103 1874 1117 1904 ξ
1140 1875 1183 1898 11;
1202 1879 1284 1904 neque

777 1907 928 1936 mandusse;
949 1907 998 1940 vgl.
1019 1909 1058 1936 38,
1077 1908 1119 1937 45,
1140 1910 1160 1931 1.
